2884 5138
497 391 804 460 -69-

106 561 236 652 Olympi
258 563 401 650 Lyciae,
424 563 545 632 deinde
565 563 664 652 Tyri,
686 583 844 653 nusquam
864 565 898 634 in
920 566 963 634 Η.
985 567 1027 636 Η.
1050 587 1194 638 conunc-

102 677 284 776 moratu),
302 681 527 749 adversarium
547 685 636 750 illum
658 681 813 770 origenis
830 685 996 774 eximium,
1028 689 1195 758 doctrinae

103 803 313 871 Christianae
334 807 448 868 contra
468 801 684 890 Porphyrium
705 804 839 889 'l'yrium
861 799 926 895 (m.
949 802 1054 898 3⁰4)
1075 806 1193 872 ‹lesen-

101 942 222 1010 sorem,
243 939 338 1009 quern
359 917 566 1007 Epiphanius
588 919 759 1009 collaudat,
779 940 874 1009 quem
895 923 1116 1011 Hieronymus
1137 926 1193 990 in-

101 1047 155 1110 ter
184 1041 365 1126 scriptores
396 1038 641 1106 ecclesiasticos
677 1048 831 1108 recenset
861 1061 1034 1130 quemque.
1055 1041 1193 1109 Ensehii

102 1167 249 1248 tempora
269 1156 423 1243 attigisse
444 1155 660 1224 certissimum
681 1164 745 1225 est.
787 1159 911 1228 Latere
934 1162 1062 1248 quidem
1079 1159 1192 1227 Husc-

103 1279 188 1346 bium
210 1274 370 1342 Dorothei
391 1276 602 1363 episcopatus
621 1295 687 1343 non
708 1284 854 1364 poterat,
885 1278 928 1346 de
955 1298 1019 1367 qno
1046 1280 1190 1347 tortasse

102 1397 189 1463 alias
219 1394 318 1477 dixit,
359 1393 446 1461 sicut
474 1393 604 1461 Paulini
625 1394 668 1462 ad
700 1397 923 1483 episcopatum
952 1397 1191 1464 Antiochennm

100 1513 349 1580 translationem
369 1513 404 1577 in
424 1511 468 1578 Η.
490 1511 532 1579 Η.
555 1513 689 1593 reticet,
710 1518 745 1578 in
765 1515 786 1580 i
809 1523 923 1584 eontra
936 1513 1124 1584 Marcellum
1135 1533 1191 1580 re·

101 1633 185 1715 fert,
211 1649 306 1720 quarn
327 1637 454 1711 tamen,
480 1631 601 1718 quippe
622 1631 719 1717 poulo
740 1637 818 1700 ante
837 1634 894 1702 vel
915 1639 992 1721 post
1020 1631 1191 1699 concilium

8 1765 10 1776 '
99 1752 280 1818 Nicaenum
295 1751 425 1838 iactam,
441 1750 509 1832 Jam
523 1749 558 1816 in
570 1748 613 1815 Η.
627 1747 669 1816 Η
683 1767 935 1819 commemorare
946 1755 1088 1840 poterat.
1120 1749 1191 1816 Al-

100 1877 193 1938 tera
214 1866 362 1957 quaestio
383 1873 455 1946 est,
476 1885 534 1933 cur
554 1885 660 1954 neque
681 1865 846 1936 Eusebius
867 1869 1018 1937 librorum
1039 1887 1060 1936 a
1081 1867 1192 1934 Doro-

99 1989 178 2055 theo
210 1987 404 2071 scriptorum
430 1984 627 2052 mentionem
655 1985 796 2070 injiciat,
830 2006 936 2074 neque
969 1987 1190 2074 Hieronymus

99 2125 175 2173 enm
202 2103 416 2190 scriptoribus
442 2101 678 2170 ecclesiasticis
705 2096 921 2173 adnumeret?
977 2105 1017 2174 ln
1043 2105 1189 2174 Eusebio

99 2223 279 2292 mirandum
300 2239 367 2287 non
387 2225 459 2308 cst,
486 2219 545 2308 qni
562 2219 768 2290 Dorotheum
789 2229 934 2309 tempore
956 2241 997 2291 co
1020 2242 1188 2308 cognove-

99 2346 207 2420 verat,
224 2359 288 2428 qno
306 2337 468 2424 ingenium
486 2338 560 2422 ejus
576 2338 777 2426 eruditioque
796 2339 933 2410 necdum
947 2358 1048 2428 opera
1060 2341 1101 2406 uh
1115 2341 1189 2427 ipso

98 2459 225 2546 scripta
236 2456 399 2524 laudanda
411 2461 518 2535 erant,
536 2476 620 2544 quae
630 2457 840 2544 probabiliter
851 2460 1050 2544 provectiori
1061 2465 1186 2536 aetate,

97 2579 241 2646 tortasse
263 2595 333 2643 curn
356 2572 558 2662 odyssopoii
579 2575 681 2643 vitam
701 2575 863 2663 privatam
875 2584 1001 2663 ageret,
1021 2576 1186 2644 elucubra-

97 2704 154 2764 tus
175 2701 237 2764 est
282 2693 501 2779 Hieronymus
523 2699 631 2760 antem
652 2693 686 2761 in
714 2689 873 2778 catalogo
905 2695 1099 2780 scriptorum
1129 2711 1187 2760 ec·

95 2813 372 2893 clesiasticornm,
391 2830 487 2900 quern
508 2829 560 2876 ao.
583 2805 663 2876 392
696 2807 853 2902 (triginta
881 2828 985 2877 annos
1012 2816 1087 2898 post
1113 2809 1188 2876 Do-

97 2931 205 3001 rothei
225 2922 436 3020 martyrium)
457 2927 695 3013 sexagenarius
715 2929 904 3016 composuit,
924 2927 1063 2996 Ensehii
1084 2928 1128 2993 H.
1144 2926 1186 2994 Η

97 3049 292 3140 praeprimis
306 3045 449 3135 adjutus,
470 3045 596 3114 CXXX
609 3046 788 3134 scriptores
798 3041 853 3138 θ’)
865 3045 976 3114 laudat
989 3065 1030 3112 uc
1043 3045 1188 3134 proinde,

97 3171 185 3236 siout
205 3165 342 3254 amplius
364 3164 581 3253 quadraginta
601 3165 702 3246 alios,
722 3163 924 3232 Dornmeum
945 3182 1072 3252 quoque
1094 3163 1186 3231 omit·

99 3293 171 3354 tere
191 3289 336 3374 poterat,
358 3303 453 3372 quem
473 3283 602 3373 quidem
622 3285 654 3352 si
674 3282 840 3364 novisset,
871 3287 985 3370 utpote
1006 3280 1185 3352 studiorum

97 3401 271 3473 eorundem
294 3404 515 3472 communione
536 3403 598 3471 sibi
621 3403 837 3490 conjunctum,
855 3401 983 3470 minime
1009 3402 1185 3469 omisisset.

96 3521 137 3592 Si
158 3523 211 3610 qni
233 3520 276 3586 ric
297 3521 366 3605 his,
388 3523 441 3608 qui
462 3541 565 3609 usqne
585 3519 683 3588 horlie
703 3521 917 3611 scripserunt,
937 3521 1040 3610 inquit
1060 3522 1183 3590 Hiero·

96 3655 215 3721 nymus
234 3636 269 3701 in
289 3637 452 3722 prooemio
474 3636 640 3724 catalogi,
661 3659 683 3706 a
703 3656 755 3708 me
776 3639 811 3706 in
832 3640 892 3708 hoc
910 3639 1074 3708 volumine
1086 3658 1185 3726 prae·

97 3753 243 3824 termissi
276 3759 369 3836 sunt,
403 3751 467 3819 sibi
493 3756 598 3838 magis
628 3775 724 3842 quam
753 3757 830 3825 rnihi
860 3757 982 3826 dehent
1014 3759 1184 3844 impetere.

98 3874 215 3959 Neque
236 3871 320 3942 enirn
342 3871 492 3940 celantes
512 3871 635 3957 scripta
656 3891 717 3939 sua
737 3872 781 3940 ‹le
808 3874 876 3956 his,
904 3894 989 3962 quae
1016 3893 1080 3942 non
1108 3873 1185 3960 legi,

163 4114 214 4174 oi)
230 4113 289 4165 lion
306 4116 413 4166 inscius
429 4117 477 4164 ant
493 4116 675 4181 negligentia,
699 4119 729 4166 ut
752 4113 869 4179 vitietur,
885 4114 934 4164 sei
951 4115 1097 4176 propterea
1113 4111 1183 4176 qnod

97 4197 258 4274 origenem,
275 4194 353 4263 curius
368 4200 427 4262 ipse
444 4199 653 4250 studiosissimus
670 4203 747 4266 erat,
763 4201 979 4262 impugnaverat,
997 4209 1023 4245 r.
1041 4196 1132 4244 vales.
1150 4193 1182 4242 ao

98 4283 395 4348 nummus

164 4383 213 4443 85)
229 4385 303 4436 inter
319 4385 369 4434 hoa
385 4389 448 4435 octo
466 4385 499 4436 ie
520 4384 700 4448 scriptoribus
722 4384 865 4436 anonim,
882 4385 975 4445 atque.
986 4381 1068 4434 etlam
1091 4381 1184 4432 Phiio-

99 4479 160 4520 uen
177 4469 206 4518 ct
222 4469 370 4535 iorophmu
385 4467 518 4533 immor,
535 4470 666 4521 &nocam
682 4468 812 4520 stoicum.
