2884 5138
498 389 807 459 ...65-

107 567 216 638 monia
237 580 302 630 non
324 559 527 652 dissolvunt,
551 563 791 650 argumentatio
820 561 1008 650 quaerendo
1032 571 1091 633 ant
1119 585 1201 635 con-

101 693 234 778 jecturo
262 677 421 767 capienda
456 686 511 748 est
548 681 646 770 idque
680 681 798 748 collata
825 679 1006 766 diligenter
1040 684 1202 756 ecclesiae

107 806 232 894 Tyriae
252 799 401 866 historia.
445 796 575 882 Etiam,
603 819 666 888 quo
688 808 835 889 tempore
857 799 1046 869 Dorotheus
1074 803 1201 874 Romae

105 925 204 994 inerit
224 919 409 1003 latinosque
431 937 510 984 suos
532 921 781 988 commentarios
800 921 1101 1007 ibiconscripserit
1123 918 1200 1014 (as-

106 1045 285 1111 severante
307 1033 571 1122 Syngrammatis
592 1034 802 1130 editorem),
829 1039 1026 1124 ignoramus.
1068 1038 1116 1107 Et
1136 1039 1200 1108 uti-
1223 1029 1226 1036 ’

107 1181 183 1231 nam
204 1157 278 1225 sola
301 1155 384 1221 haec
414 1150 651 1240 ignoraremus!
694 1157 758 1248 At,
787 1156 818 1222 si
849 1156 1014 1223 historiam
1041 1159 1200 1229 ecclesia-

106 1279 222 1347 sticam
244 1279 287 1344 de
308 1272 477 1340 Dorotheo
505 1272 728 1358 consulamus,
759 1273 857 1342 multo
886 1275 985 1342 etiam
1015 1278 1107 1363 plura
1135 1297 1198 1347 nos

108 1397 262 1483 ignorare
283 1393 464 1483 apparebit.

193 1513 332 1581 Primum
346 1531 439 1600 vero,
459 1511 489 1577 si
505 1508 539 1576 in
551 1509 699 1576 historiis
712 1510 948 1578 ecclesiasticis
964 1512 1027 1578 huc
1042 1512 1118 1581 illno
1134 1515 1201 1582 cir·-

108 1638 374 1719 cnmspectamus,
393 1630 512 1698 nullum
524 1633 690 1696 auctorem
705 1628 907 1716 Theophane
921 1630 1132 1716 antiquiorem
1146 1632 1201 1700 in-

6 1753 8 1770 '
106 1750 331 1838 venimus,qui
344 1745 502 1816 Dorothei
517 1744 692 1829 cujusdam,
714 1747 768 1832 qui
789 1747 893 1833 'l'yri
913 1745 1201 1842 episcopusfl)

106 1865 535 1948 sueritmentionemtaciat.
557 1857 1202 1952 Siletllteronymucincatalogoeccle·

106 1987 314 2054 siasticorum
337 1987 547 2073 scriptorum3
568 1982 647 2048 silet
666 1983 737 2066 ejus
757 1985 960 2050 continuator
980 1981 1182 2052 Gennadius
1184 2011 1202 2074 ,·

105 2105 195 2191 silet‚
217 2103 250 2170 id
272 2102 357 2190 quod
379 2101 550 2168 maximam
563 2101 656 2166 nobis
673 2101 918 2168 admirationem
931 2121 1065 2169 movere
1078 2110 1200 2190 potest,

105 2220 279 2290 Eusebius
311 2219 565 2307 Caesareensis5
595 2217 751 2306 Paulini,
787 2220 975 2306 episcopi
1003 2220 1120 2310 Tyri,
1148 2225 1200 2288 cui

104 2341 208 2408 libros
241 2358 321 2406 suos
347 2335 614 2417 ἐκκλησιαστικῆς
641 2341 789 2421 ἱστορίας
820 2343 855 2404 et
886 2339 988 2404 libros
1016 2337 1099 2405 duos
1129 2344 1200 2430 περὶ

6 2431 7 2510 3
104 2461 246 2525 τοπικῶν
267 2454 437 2540 ὀνομάτων
458 2457 658 2542 nuncupavit
679 2452 746 2544 (ll.
770 2453 812 2522 Ε.
837 2456 880 2544 Χ,
906 2458 940 2522 1.
963 2454 1026 2542 Dp
1049 2455 1091 2524 ad
1114 2457 1199 2526 Pau-

104 2573 237 2667 linum),
259 2577 438 2664 familiaris,
459 2575 513 2662 qni
536 2567 680 2660 tempore
695 2575 935 2660 persecutionis
949 2573 1199 2644 Diocletianeae

104 2690 372 2787 (eoo-311)
401 2693 597 2779 aliquamdiu
619 2692 701 2778 Tyri
722 2689 813 2776 degit
840 2688 905 2783 (Η.
936 2689 978 2756 Ε.
1009 2691 1109 2778 vill,
1141 2685 1201 2784 7),

104 2813 174 2901 qni,
197 2829 269 2878 oum
291 2811 448 2878 Paulinus
470 2829 521 2876 ao.
545 2807 637 2876 3¹5.
659 2809 754 2894 paulo
775 2815 852 2895 post
865 2808 1024 2876 redditam
1038 2808 1201 2878 ecclcsiae

103 2949 219 3017 pacem
241 2927 409 2997 basilicam
432 2927 618 3005 dedicaret,
652 2927 726 3010 ejus
747 2925 947 2994 dedicationi
968 2926 1114 2994 interfuit
1135 2929 1200 2995 ibi-

104 3067 167 3138 que
189 3068 297 3116 coram
320 3050 476 3136 episcopo
497 3046 727 3134 panegyricum
748 3041 861 3112 habuit
881 3041 948 3136 (X,
969 3040 1035 3136 4),
1061 3047 1116 3134 qui
1137 3047 1199 3115 de·

103 3169 202 3253 nique
223 3165 360 3253 Synodo
381 3167 523 3254 Tyriae,
555 3183 617 3250 quo
641 3163 845 3229 Athanasius
866 3162 908 3230 ad
930 3181 1060 3231 causam
1082 3166 1199 3233 dicen-

105 3284 179 3354 dam
201 3287 315 3354 venire
332 3288 448 3371 jussus
472 3292 527 3352 est
534 3302 550 3372 ,·
567 3301 619 3348 ao.
642 3277 732 3347 335.
755 3280 968 3368 praesedisse
989 3283 1115 3350 dicitur.
1153 3279 1200 3351 Et

104 3404 251 3493 martyrii
273 3405 400 3492 quidem
423 3403 582 3471 Dorothei
604 3399 782 3468 Eusebium
805 3399 916 3467 nullibi
938 3401 1126 3470 meminisse
1140 3405 1209 3470 mi-·

171 3627 218 3684 lt)
238 3625 333 3674 Ταῦτα
348 3647 383 3660 -
401 3622 541 3692 Δωρόθεος
557 3623 585 3676 tr
601 3620 687 3694 Ῥώμῃ
703 3622 812 3688 γεγονὼς
828 3623 912 3686 (Gara
928 3627 1012 3678 mire:
1029 3627 1133 3678 Romae
1149 3641 1200 3693 po-

104 3711 187 3770 altua3
209 3709 324 3756 b'resne:
349 3716 409 3754 orum
427 3707 527 3757 Romae
545 3707 649 3772 ageret)
667 3704 711 3758 διὰ
725 3708 868 3776 Ῥωμαϊκῆς
885 3709 1020 3760 διαλέκτου
1037 3709 1065 3761 ἐν
1081 3710 1200 3777 ὑπομνή-

103 3805 184 3852 μασιν
201 3789 385 3840 καταλέλοιπεν
403 3785 433 3853 (Ι.
453 3787 493 3848 1.).
529 3790 600 3838 ldem
620 3792 716 3840 lisdem
734 3791 824 3841 verbis
843 3794 951 3842 translit
968 3795 996 3842 ln
1013 3793 1199 3859 Menoloptum

105 3873 154 3925 Dr.
171 3885 189 3923 s
206 3875 320 3924 baronto
337 3878 448 3926 citatum
465 3871 518 3936 (lt.
537 3875 622 3933 April.
640 3875 681 3924 ts
699 3873 814 3924 Kalend.
831 3872 925 3938 maji),
942 3877 1012 3940 quod
1030 3878 1132 3928 Duilio
1147 3879 1199 3928 im-

104 3970 163 4020 per.
182 3957 309 4008 trlhnltur
327 3963 353 4008 et
370 3971 387 4008 a
405 3955 479 4006 Duil:
495 3959 596 4006 Slrleto
613 3959 699 4006 latine
716 3969 876 4008 conversum
893 3962 942 4008 eat

171 4058 218 4117 1⁷)
239 4057 397 4122 Dorotheus,
416 4059 485 4121 'l'yrl
507 4060 699 4122 presbyter
715 4055 909 4124 (Martyroiog.
924 4057 1024 4124 nom),
1041 4061 1121 4122 plane
1137 4063 1199 4110 nnl-

102 4143 147 4193 lus
164 4149 219 4206 est3
254 4140 365 4207 dplyac
381 4139 525 4214 πρεσβύτης
551 4139 675 4208 (syngr.)
700 4153 798 4191 nomen
816 4145 937 4205 eplscopl
955 4147 998 4192 est
1014 4145 1200 4211 honorificum,

104 4227 324 4291 quemadmodum
342 4230 421 4277 etlam
439 4225 535 4278 Athos
552 4231 730 4291 nuncupatur.
766 4223 815 4288 „ln
832 4225 896 4275 bibl
921 4227 1052 4276 vaticana
1076 4227 1199 4282 eundern

104 4311 271 4363 Dorotheum
287 4311 449 4362 abbatem
465 4314 625 4374 tnaorlptum
642 4311 808 4372 tarentinum
832 4307 902 4373 quod
919 4319 971 4358 nec
988 4311 1124 4374 ignoravit
1146 4311 1200 4364 Ρι-

105 4395 168 4446 bno
184 4397 213 4445 tn
231 4395 329 4460 catal,
345 4396 399 4460 qul,
414 4395 477 4447 dum
494 4406 556 4447 enm
571 4395 682 4460 anatot,
699 4393 823 4446 abbatem
841 4389 987 4456 apponat-‘⁶
1011 4395 1108 4448 baron.
1125 4397 1199 4449 blar-

106 4477 227 4544 tyrolog.
246 4491 271 4543 p.
289 4476 349 4528 840.
901 4501 905 4508 ·

974 4575 996 4634 b
