2884 5138
262 559 335 644 est,
361 573 419 621 cur
440 553 498 621 vix
525 552 672 643 credam,
700 551 916 642 Epiphanium
943 551 1116 639 genuinum
1148 569 1225 620 csse
1253 551 1350 638 hujus

262 672 336 740 libri
356 677 530 740 auctorem.
573 667 693 759 Neque
715 673 799 740 enim
820 670 997 740 verisimile
1025 676 1093 759 est,
1126 671 1231 759 ipsum
1259 671 1352 738 velut

262 791 314 858 sui
342 789 490 869 oblitum,
534 792 703 878 opiniones
731 791 913 858 contrarias
940 789 1073 877 scriptis
1099 791 1170 856 suis
1204 790 1352 856 inserere

262 909 417 976 votuisse.
460 907 731 996 Respondemusz
767 903 813 999 i)
835 910 900 975 etsi
927 909 1010 975 haec
1039 907 1252 974 contradictio
1283 907 1351 973 toiii

261 1031 419 1116 nequeat,
440 1033 554 1095 nostra
574 1026 653 1092 nihii
675 1026 796 1119 refert,
816 1045 891 1094 nam
912 1024 1031 1114 Epiph.
1054 1027 1147 1114 ipse,
1167 1031 1204 1091 ut
1225 1044 1266 1092 ex
1289 1024 1309 1088 i.
1327 1025 1349 1089 l.

210 1233 212 1237 v
261 1143 397 1212 Pauarii
413 1149 569 1233 apparet,
590 1145 712 1231 sensit,
734 1137 976 1233 genealogiam,
996 1163 1090 1231 quarn
1111 1144 1156 1210 ibi
1177 1144 1353 1230 exstruxit,

159 1348 161 1354 Ι
262 1263 349 1329 male
369 1262 535 1330 fundatam
556 1280 644 1330 esse.
688 1261 728 1327 in
750 1231 892 1330 Ριιιιιίο
916 1261 1062 1349 exhibet,
1086 1281 1168 1348 quae
1190 1269 1267 1351 tum,
1288 1281 1352 1328 nc·

265 1380 336 1450 scio
363 1380 433 1466 ubi,
458 1381 653 1468 invenerat,
678 1381 713 1446 in
739 1373 761 1444 lss
790 1380 833 1448 de
861 1379 1054 1468 Prophetis,
1083 1381 1136 1467 qui
1158 1381 1267 1467 utique
1289 1399 1353 1448 non

263 1504 316 1564 est
339 1497 451 1566 critice
472 1499 664 1579 historicus,
695 1516 737 1564 ea
757 1515 841 1584 quae
862 1498 948 1584 apud
968 1495 1170 1566 Dorotheum
1198 1499 1261 1585 ipsi
1291 1499 1352 1566 oh-

262 1623 443 1706 vencrant,
470 1616 611 1685 fideliter
640 1615 826 1684 reddidisse
852 1621 972 1703 potest.
1027 1615 1128 1704 Atqui
1168 1613 1216 1708 8)
1252 1617 1352 1685 valde

261 1733 420 1801 incertum
442 1741 510 1818 est,
532 1753 659 1802 numu.
681 1756 728 1822 pr.
752 1731 899 1821 Σωβὰκ,
922 1735 1025 1822 patris
1045 1733 1157 1820 Elias,
1180 1721 1351 1820 genuinum

262 1851 309 1918 sit
329 1856 482 1940 totusque
503 1854 595 1920 locus
616 1859 709 1920 recte
730 1871 770 1921 se
797 1851 941 1922 habeat,
976 1852 1062 1919 Mira
1088 1858 1143 1919 est
1170 1854 1255 1920 enim
1284 1851 1352 1921 Co-

262 1967 368 2036 dicum
389 1970 422 2036 in
444 1970 514 2036 loco
537 1989 577 2037 ac
599 1969 799 2057 potissimum
820 1971 950 2037 nominc
971 1971 1026 2038 iilo
1044 1969 1222 2038 scribendo
1240 1972 1352 2038 varie-

262 2091 334 2172 tes3
354 2105 461 2174 neque
483 2088 677 2180 tamen,cui
697 2088 850 2156 hebraico
872 2089 990 2156 nomini
1013 2086 1222 2175 respondeat,
1245 2108 1288 2156 ex
1300 2090 1353 2156 his

262 2205 365 2272 variis
386 2205 557 2292 scripturis
579 2206 735 2273 extricari
756 2211 877 2293 potest.
892 2202 946 2297 ⁷⁸)

347 2322 411 2390 His
432 2323 644 2411 praemissis,
664 2325 870 2410 perspicuum
893 2330 968 2413 est,
989 2324 1068 2391 nihil
1090 2325 1243 2412 obstare,
1267 2345 1352 2414 quo-

261 2441 367 2508 minus
388 2440 410 2516 l.
432 2443 502 2530 περὶ
523 2441 581 2505 τοῦ
602 2442 790 2531 Προφητώιι
810 2443 851 2510 ah
873 2441 1062 2529 Epiphanio
1082 2443 1246 2530 proiectus
1273 2463 1354 2512 esse

262 2560 381 2648 possit.
423 2561 510 2627 Nam
531 2559 562 2626 si
583 2577 666 2628 vera
687 2567 763 2627 sunt
791 2579 850 2646 ea,
883 2579 966 2648 quac
994 2561 1101 2628 multis
1129 2568 1163 2627 ci
1187 2561 1349 2647 gravibus
1428 2613 1429 2616 ,

262 2678 463 2763 argumentis
480 2679 619 2765 probare
635 2679 826 2764 sategimus,
849 2680 998 2766 primunr,
1021 2677 1233 2762 Dorotheum,
1255 2697 1351 2766 quem

261 2791 441 2882 Procopius
463 2797 506 2864 de
527 2797 763 2883 Prophetarum
783 2816 910 2884 quoque
932 2798 1001 2864 vita
1023 2803 1057 2864 et
1074 2797 1161 2863 obitu
1175 2796 1354 2883 scripsisse

264 2918 423 2998 testatur,
451 2934 516 2982 non
538 2934 617 2982 csse
637 2916 802 3003 fictitium,
831 2913 951 2982 deinde
971 2915 1033 2982 hoc
1055 2933 1261 3002 syngramma
1287 2932 1356 2980 non

262 3031 405 3098 elatino
427 3051 578 3100 sermone
599 3035 632 3100 in
654 3051 807 3120 graecum
828 3034 1092 3124 translatum,
1117 3034 1179 3100 sed
1207 3032 1248 3099 ah
1277 3032 1356 3118 ipso

264 3146 432 3218 Dorotheo
471 3153 885 3238 graeco-consignatum
914 3170 994 3218 esse
1002 3200 1013 3241 ,
1050 3153 1172 3239 liquet,
1204 3148 1358 3236 Epipha-
1426 3231 1427 3240 ἵ

262 3268 347 3336 nium
364 3272 616 3355 syngrammatis
628 3268 834 3340 Dorothcani
846 3270 1111 3357 interpolatorem
1123 3285 1201 3336 esse
1220 3285 1355 3353 posse.
1426 3261 1427 3309 i

261 3383 468 3462 Reiutautes
484 3407 565 3455 vero
587 3407 664 3471 eos,
692 3390 746 3476 qui
767 3389 788 3456 1.
811 3389 964 3471 περὶτῶν
983 3389 1171 3474 Προφητώι
1198 3387 1241 3452 ah
1269 3383 1354 3471 Epi-

262 3502 381 3589 phanio
404 3506 584 3589 proiectum
605 3524 683 3572 esse
710 3513 933 3596 negaverunt,
964 3507 1058 3572 simul
1086 3522 1181 3570 esse
1212 3523 1286 3569 eum
1314 3503 1349 3570 uh

262 3638 303 3687 eo
334 3623 513 3708 proiectum
542 3623 802 3692 confirmavimus
832 3623 930 3712 idque
967 3620 1121 3691 Codicum
1157 3621 1350 3707 testimonio,

329 3846 377 3904 78)
394 3845 472 3898 rexi.
498 3848 593 3898 Torini
619 3851 648 3899 et
672 3850 794 3900 Patavii:
835 3845 929 3914 Σωβὰκ
953 3847 968 3900 ὁ
992 3844 1080 3920 accip
1103 3841 1198 3896 αὐτοῦ.
1241 3845 1356 3896 Doroth·

262 3926 390 3980 chronici
406 3930 562 3982 Paschuiis:
597 3933 691 4000 Σβαχὰ
707 3933 722 3984 ὁ
738 3931 827 4003 πατὴρ
843 3931 943 3996 αὐτοῦς
961 3934 1076 3986 Doroih.
1093 3930 1225 3980 iiiusouii:
1254 3935 1357 3992 pstor

261 4011 360 4061 iilius
378 4015 637 4078 sabachaacod.
655 4023 723 4079 Aug.
741 4032 758 4068 ιι
776 4019 887 4086 Patauio
911 4019 1041 4070 coriatus:
1067 4012 1172 4078 Σοχοβὰ
1195 4009 1212 4079 ἡ
1234 4011 1356 4082 μήτηρ,

263 4101 290 4144 et
306 4097 397 4157 pauno
414 4105 489 4159 post:
523 4097 610 4150 ἐλθὼν
627 4100 642 4152 ὁ
659 4100 748 4170 πατὴρ
765 4097 849 4152 αὐτοῦ
864 4099 975 4164 ssahip.
1021 4101 1154 4150 hebraica
1177 4110 1257 4148 mmm.
1285 4109 1357 4148 sono

262 4183 415 4232 consimilia
432 4190 460 4233 et
476 4188 603 4238 similiter
620 4189 653 4238 ah
670 4167 861 4238 Alexandrinis
879 4187 1055 4247 transscripta
1071 4188 1134 4234 sunt
1157 4177 1245 4267 ¹⁸)qu
1268 4181 1357 4232 LXX·

263 4277 356 4344 Σιιιι
374 4278 452 4344 (nen.
470 4285 512 4350 ιο,
529 4287 590 4353 esp
625 4284 712 4374 pprm
729 4288 813 4338 uxx.
848 4284 942 4351 supa„
959 4285 988 4350 (ι
998 4288 1070 4338 sam.
1080 4282 1123 4346 ιο,
1135 4282 1177 4332 ro.
1187 4282 1258 4347 ism
1275 4282 1364 4367 »232

263 4379 350 4428 Μ·
390 4380 503 4448 Seium,
519 4387 644 4452 Σιριχαι,
660 4386 780 4454 sophar
793 4387 823 4450 (a
838 4391 910 4438 suu.
926 4386 971 4451 ιι,
988 4386 1030 4436 ia
1067 4384 1082 4435 i
1101 4383 1164 4436 cur.
1181 4382 1224 4446 ir,
1241 4383 1285 4435 ao.
1313 4379 1360 4445 ao,

264 4461 291 4514 4·
307 4460 354 4527 2Ὶι
372 4462 500 4533 1¹·)‚sed
518 4471 621 4524 mutium
638 4472 672 4523 de
688 4475 731 4522 iris
748 4475 777 4522 in
794 4476 897 4536 patrem
913 4473 990 4524 Eitse
1006 4469 1128 4536 quadran
