2884 5138
485 383 791 454 „gp-.-

96 559 160 625 coia
181 555 369 647 Hpopproia
390 556 538 642 quisnam
560 555 624 643 sit,
649 575 713 624 nou
736 561 884 645 constat,
917 575 979 624 uec
999 557 1105 643 magni
1127 575 1184 623 re-

94 676 172 744 fert
224 673 356 744 Summo
383 674 481 760 igitur
509 675 657 761 quaestio
685 675 769 742 haec
797 681 868 764 est,
896 681 1001 743 ntrnm
1029 677 1083 746 hic
1111 679 1184 767 ipse

96 798 180 866 liber
200 796 243 864 de
264 793 432 884 prophetis
453 790 632 880 Epiphanii
653 793 698 858 sit
718 811 761 858 au
791 795 967 880 cumspiam
997 793 1183 886 Pseudepi-

95 917 217 1005 phanii,
239 915 293 1003 qui
314 913 371 980 vel
392 913 465 999 ipsc
486 911 575 977 illum
596 929 635 978 se
656 930 733 978 esse
753 911 885 978 tinxerit
905 913 962 980 vel
984 919 1073 981 totns
1087 916 1183 984 lictus

95 1035 140 1102 sit
160 1055 181 1103 a
199 1033 349 1100 librariis.
745 1099 749 1108 .
1116 1024 1139 1050 “⁵

181 1150 284 1234 Quam
305 1149 348 1217 ad
370 1149 593 1236 quaestionem
615 1153 705 1214 recte
726 1149 918 1235 responderi
946 1153 1072 1238 nequit,
1105 1135 1197 1243 quiri·
1250 1229 1255 1238 ⁸

13 1255 14 1264 ἵ
94 1272 185 1358 prins
207 1267 482 1355 Pseudepiphanii
503 1266 889 1333 cum'Paeudodorotheo
910 1264 1064 1338 accurata
1078 1275 1181 1341 colla·
1246 1251 1248 1256 ⁵

94 1391 141 1455 tio
161 1387 349 1453 instituatur
368 1387 605 1474 diligenterque
626 1387 824 1475 exquiratur,
846 1399 1003 1472 quaenam
1024 1389 1181 1459 intereo-

93 1525 164 1572 rum
185 1505 227 1572 de
248 1504 417 1592 prophetis
438 1503 594 1589 opuscula
615 1505 699 1569 ratio
719 1505 914 1573 intercedat.
958 1505 1054 1573 llanc
1080 1510 1181 1577 colla-

95 1624 231 1710 tionem,
252 1623 370 1688 iterata
391 1622 525 1708 saepius
546 1609 688 1687 lectione
710 1623 965 1710 ponderatisquc
985 1625 1042 1691 vel
1064 1627 1181 1714 singu-

13 1747 15 1770 '
91 1741 135 1808 lis
167 1741 333 1825 utriusque
363 1727 550 1825 vocabulis,
586 1739 711 1804 institui
737 1745 772 1805 et
801 1740 883 1806 haec
917 1743 1029 1808 inveni
1064 1746 1180 1830 partim

93 1859 256 1926 amborum
277 1856 454 1924 communia
475 1857 593 1942 partim
614 1857 804 1924 alterutrius
816 1859 1009 1944 singularia:
1044 1859 1182 1955 l)¹Dif.

92 1976 156 2043 icrt
189 1995 298 2043 eorum
330 1975 555 2060 opusculorum
587 1975 845 2060 propositum
875 1994 916 2042 ac
943 1975 1079 2065 proinde
1109 2001 1180 2049 am-

93 2097 200 2162 bitus:
229 2113 302 2160 nam
323 2093 484 2160 Dorothei
507 2093 677 2160 consilium
706 2093 803 2158 latius
830 2099 942 2181 patet,
971 2117 1074 2182 quam'
1093 2098 1178 2186 Epi-

93 2213 223 2303 phauii3
266 2211 340 2278 ille
375 2212 466 2278 vitae
501 2211 750 2300 uniuscujusque
787 2212 968 2298 prophetae
1003 2219 1181 2300 praemittit

93 2331 365 2399 adumbrationem
388 2328 588 2397 characteris
609 2331 680 2414 ejus
687 2381 697 2419 ,
725 2334 762 2395 ut
789 2332 835 2396 ita
861 2331 975 2422 dicam,
1003 2333 1179 2402 christolo-

91 2444 232 2540 gisila),
253 2451 399 2517 oratione
421 2450 506 2516 satis
526 2448 633 2535 ampla
654 2456 854 2534 conceptam,
876 2453 926 2516 cni
948 2453 1179 2541 quasiappeu-

92 2568 174 2634 dicis
194 2570 266 2634 loco
288 2569 389 2634 vitam
411 2567 585 2656 subnectit,
606 2565 670 2631 hic
691 2567 723 2632 iu
746 2567 826 2634 solis
851 2569 929 2634 vitis
950 2571 1179 2656 prophetarum

92 2688 285 2756 enarrandis
306 2692 466 2752 versatur.
511 2680 560 2774 2]
582 2683 701 2751 Differt
726 2705 917 2752 numerus
939 2689 1180 2779 prophetarum,

92 2807 135 2875 de
157 2807 272 2895 quihus
294 2810 410 2891 agunt:
436 2822 510 2869 nam
532 2801 651 2889 Epiph.
673 2803 743 2886 agit
762 2801 803 2868 de
826 2801 924 2868 XXII
944 2805 1112 2891 prophetis
1134 2809 1176 2874 V.

92 2927 133 2993 Τ.
156 2931 192 2993 et
211 2924 263 2991 lll
282 2925 326 2992 N.
349 2924 390 2990 Τ.
412 2919 468 3014 (in
489 2919 678 3006 compendio
696 2919 818 2988 inedito
832 2921 1030 2991 solummodo
1044 2925 1178 2993 deXVl

93 3185 229 3248 excerpsit
245 3183 291 3236 Jc.
308 3183 504 3234 Dumcsccaus.
539 3182 629 3241 Quare
644 3180 808 3230 Damasceni
827 3181 900 3232 liber
920 3184 949 3231 in
973 3181 1039 3232 cod.
1051 3186 1053 3193 ’
1063 3184 1178 3236 vindob.

92 3271 249 3322 inscribitur
266 3268 320 3320 Τοῦ
334 3267 465 3338 μακαρίου
479 3263 634 3324 Ἐπιφανὶον
654 3261 815 3316 ’Euocationis
836 3264 951 3336 Κύπρου
975 3263 1093 3333 διήγησις
1113 3266 1179 3321 adq.

91 3372 170 3416 τομος
186 3374 208 3404 a.
228 3372 252 3406 t·
269 3357 293 3406 i.
1092 3353 1093 3356 ’

157 3459 204 3518 ab)
222 3453 361 3521 Ejusmodi
377 3451 557 3512 ὁποτυπώσεις
571 3455 704 3504 librorum
721 3453 937 3516 propheticorum
953 3455 1035 3504 etiarn
1056 3457 1179 3518 peculia-

91 3543 166 3593 ribus
182 3543 283 3591 libellis
300 3539 490 3598 comprehendi
506 3538 636 3588 solebant.
670 3537 744 3586 'l'alis
762 3543 803 3587 est
820 3539 997 3604 Enseblanus,
1016 3553 1092 3603 quern
1107 3541 1179 3593 (lur-

91 3628 179 3674 tcrius
196 3621 280 3670 edidit
296 3625 324 3669 et
340 3633 418 3682 quem
434 3624 606 3684 Athanasius,
623 3624 669 3686 qni
684 3621 797 3684 dicitnr,
814 3629 911 3672 auctor
926 3623 1066 3684 Συνόψεως
1081 3624 1177 3676 ἐπιτό-

91 3721 143 3766 pov
159 3707 207 3770 τῆς
223 3703 302 3760 θείας
318 3691 424 3772 ypu'cr'pe,
442 3707 525 3752 totum
543 3707 606 3754 hnic
622 3708 675 3767 ipsi
691 3707 822 3766 intexult3
846 3707 910 3754 talis
935 3707 1057 3764 Epistola
1079 3709 1178 3756 lliero-

90 3791 167 3850 nymi
184 3789 217 3838 ad
236 3789 375 3838 Paulinum
394 3787 587 3847 Presbyterum
604 3789 637 3836 de
654 3791 776 3838 omuibus
801 3789 910 3839 divinae
932 3791 1064 3840 historiae
1090 3792 1177 3840 libris.

91 3875 123 3922 ΙΙ
139 3876 198 3935 qnls
215 3885 282 3922 vero
299 3875 467 3933 suspicatur,
493 3871 656 3920 Dorotheum
681 3866 772 3933 hujus·
784 3873 869 3920 solius
891 3873 1104 3923 adumbrationis
1127 3886 1177 3923 au·

89 3968 194 4008 ctorem
221 3967 296 4018 esso,
324 3959 531 4006 nun·ritarum:
566 3955 655 4003 obstat
679 3955 808 4005 disertum
834 3956 960 4018 Procopii
986 3961 1177 4022 testimonium,

90 4041 238 4091 weundunr
256 4041 324 4104 quood
343 4041 496 4091 Dorotheus
513 4041 593 4087 etlam
613 4035 757 4108 ἷατόρησεν,
773 4037 842 4088 ἔνθα
861 4037 876 4088 ὁ
893 4043 986 4096 udaie
1001 4037 1052 4088 τῶν
1074 4057 1178 4110 προφη-

89 4126 142 4174 τῶν
157 4123 204 4174 τὸν
220 4124 276 4189 βίον
294 4123 405 4175 ἐτέλεσεν
423 4124 507 4189 (Cave
519 4124 536 4171 l.
550 4124 569 4170 i.
585 4137 612 4185 p.
623 4121 683 4183 iul)
701 4120 745 4170 καὶ
761 4115 852 4189 ὅτιπερ
861 4121 985 4191 Ἱερεμίας
996 4120 1077 4192 ἱερεὺς
1088 4122 1123 4172 ὦν
1133 4123 1180 4174 καὶ

89 4207 224 4277 προφήτης
241 4208 307 4274 θείῳ
324 4207 453 4269 πνεύματι
470 4201 658 4276 mpodsorpp'cur
679 4204 723 4254 καὶ
745 4207 793 4270 τῆς
811 4202 979 4275 Ἰερουσαλὴμ
1001 4203 1178 4268 αἰχμαλωσίαν

88 4288 156 4356 μηδι
173 4291 221 4358 τὴν
237 4291 358 4360 τελευτὴν
372 4290 473 4342 ’rocco
489 4293 537 4341 τοῦ
553 4290 676 4354 βασιλέως
690 4285 834 4354 Ἰουδαίας,
851 4285 917 4358 pipare
933 4285 981 4355 τὴν
997 4285 1093 4356 σκηνὴν
1108 4291 1178 4340 Mat·

89 4373 182 4443 cuibba
198 4377 242 4428 soi
258 4375 307 4444 τὴν
322 4375 429 4442 κιβωτὸν
445 4377 493 4442 τῆς
509 4371 640 4440 διαθήκης
655 4393 677 4424 s.
695 4390 720 4423 a·
737 4374 761 4424 λ.
796 4371 881 4437 (cm
896 4387 923 4437 p·
939 4372 991 4424 ita
1005 4373 1051 4440 s.),
1067 4375 1178 4439 qulbus

90 4472 152 4512 cum
168 4462 206 4512 cl.
222 4465 305 4514 vllam
321 4459 457 4512 Jmcmuc
475 4459 539 4512 (ihr.
556 4459 653 4512 Posui.
670 4472 696 4521 p.
714 4459 775 4510 ina.
