<?xml version="1.0" encoding="UTF-8"?>
<!DOCTYPE html PUBLIC "-//W3C//DTD XHTML 1.0 Transitional//EN"
    "http://www.w3.org/TR/xhtml1/DTD/xhtml1-transitional.dtd">
<html xmlns="http://www.w3.org/1999/xhtml" xml:lang="en" lang="en">
 <head>
  <title>
</title>
<meta http-equiv="Content-Type" content="text/html;charset=utf-8" />
  <meta name='ocr-system' content='tesseract 3.04.00' />
  <meta name='ocr-capabilities' content='ocr_page ocr_carea ocr_par ocr_line ocrx_word'/>
</head>
<body>
  <div class='ocr_page' id='page_1' title='image "./dehabacuciproph00deligoog_0099.png"; bbox 0 0 2884 5138; ppageno 0'>
   <div class='ocr_carea' id='block_1_1' title="bbox 634 341 938 412">
    <p class='ocr_par' dir='ltr' id='par_1_1' title="bbox 634 341 938 412">
     <span class='ocr_line' id='line_1_1' title="bbox 634 341 938 412; baseline -0.013 -16"><span class='ocrx_word' id='word_1_1' title='bbox 634 341 938 412; x_wconf 48' lang='lat'><em>*88*-</em></span> 
     </span>
    </p>
   </div>
   <div class='ocr_carea' id='block_1_2' title="bbox 145 509 1423 3802">
    <p class='ocr_par' dir='ltr' id='par_1_2' title="bbox 145 509 1425 3802">
     <span class='ocr_line' id='line_1_2' title="bbox 244 509 1334 614; baseline -0.006 -25"><span class='ocrx_word' id='word_1_2' title='bbox 244 518 295 614; x_wconf 76' lang='lat' dir='ltr'><strong>a)</strong></span> <span class='ocrx_word' id='word_1_3' title='bbox 323 517 492 608; x_wconf 88' lang='lat' dir='ltr'><strong>Synopsin</strong></span> <span class='ocrx_word' id='word_1_4' title='bbox 513 519 608 602; x_wconf 86' lang='lat' dir='ltr'><strong>jussu</strong></span> <span class='ocrx_word' id='word_1_5' title='bbox 636 513 811 602; x_wconf 78' lang='lat' dir='ltr'><strong>Epiptauii</strong></span> <span class='ocrx_word' id='word_1_6' title='bbox 840 511 1051 580; x_wconf 88' lang='lat' dir='ltr'><strong>Patriarchae</strong></span> <span class='ocrx_word' id='word_1_7' title='bbox 1078 509 1116 580; x_wconf 84' lang='lat' dir='ltr'><strong>C.</strong></span> <span class='ocrx_word' id='word_1_8' title='bbox 1144 512 1203 602; x_wconf 90' lang='lat' dir='ltr'><strong>P.,</strong></span> <span class='ocrx_word' id='word_1_9' title='bbox 1234 533 1334 601; x_wconf 84' lang='lat' dir='ltr'><strong>quem</strong></span> 
     </span>
     <span class='ocr_line' id='line_1_3' title="bbox 244 630 1333 724; baseline -0.005 -17"><span class='ocrx_word' id='word_1_10' title='bbox 244 659 287 708; x_wconf 87' lang='lat' dir='ltr'><strong>ue</strong></span> <span class='ocrx_word' id='word_1_11' title='bbox 309 640 452 706; x_wconf 92' lang='lat' dir='ltr'><strong>nominat</strong></span> <span class='ocrx_word' id='word_1_12' title='bbox 475 634 601 724; x_wconf 86' lang='lat' dir='ltr'><strong>quidem</strong></span> <span class='ocrx_word' id='word_1_13' title='bbox 623 631 820 721; x_wconf 85' lang='lat' dir='ltr'><strong>Procopius,</strong></span> <span class='ocrx_word' id='word_1_14' title='bbox 848 630 1002 716; x_wconf 86' lang='lat' dir='ltr'><strong>scriptam</strong></span> <span class='ocrx_word' id='word_1_15' title='bbox 1029 651 1108 698; x_wconf 86' lang='lat' dir='ltr'><strong>esse</strong></span> <span class='ocrx_word' id='word_1_16' title='bbox 1138 632 1238 701; x_wconf 93' lang='lat' dir='ltr'><strong>valde</strong></span> <span class='ocrx_word' id='word_1_17' title='bbox 1267 636 1333 702; x_wconf 89' lang='lat' dir='ltr'><strong>du-</strong></span> 
     </span>
     <span class='ocr_line' id='line_1_4' title="bbox 244 739 1420 842; baseline -0.004 -17"><span class='ocrx_word' id='word_1_18' title='bbox 244 757 328 825; x_wconf 89' lang='lat' dir='ltr'><strong>bium</strong></span> <span class='ocrx_word' id='word_1_19' title='bbox 355 760 409 822; x_wconf 90' lang='lat' dir='ltr'><strong>est</strong></span> <span class='ocrx_word' id='word_1_20' title='bbox 438 761 490 842; x_wconf 90' lang='lat' dir='ltr'><strong>et,</strong></span> <span class='ocrx_word' id='word_1_21' title='bbox 518 753 549 818; x_wconf 90' lang='lat' dir='ltr'><strong>si</strong></span> <span class='ocrx_word' id='word_1_22' title='bbox 575 751 737 838; x_wconf 81' lang='lat' dir='ltr'><strong>epilogum</strong></span> <span class='ocrx_word' id='word_1_23' title='bbox 764 751 917 836; x_wconf 78' lang='lat' dir='ltr'><strong>Procopii</strong></span> <span class='ocrx_word' id='word_1_24' title='bbox 944 750 987 816; x_wconf 88' lang='lat' dir='ltr'><strong>ad</strong></span> <span class='ocrx_word' id='word_1_25' title='bbox 1014 747 1231 836; x_wconf 70' lang='grc' dir='ltr'><em>Σύγγραμμα</em></span> <span class='ocrx_word' id='word_1_26' title='bbox 1260 757 1362 842; x_wconf 73' lang='grc' dir='ltr'><strong>περ1.</strong></span> <span class='ocrx_word' id='word_1_27' title='bbox 1419 739 1420 750; x_wconf 61' lang='grc'>’</span> 
     </span>
     <span class='ocr_line' id='line_1_5' title="bbox 244 867 1332 957; baseline -0.002 -18"><span class='ocrx_word' id='word_1_28' title='bbox 244 878 303 939; x_wconf 79' lang='grc' dir='ltr'><strong>τοῦ</strong></span> <span class='ocrx_word' id='word_1_29' title='bbox 324 870 508 952; x_wconf 75' lang='grc' dir='ltr'><em>Βύζαντος,</em></span> <span class='ocrx_word' id='word_1_30' title='bbox 542 867 644 956; x_wconf 87' lang='lat' dir='ltr'><strong>quod</strong></span> <span class='ocrx_word' id='word_1_31' title='bbox 666 869 793 936; x_wconf 89' lang='lat' dir='ltr'><strong>solum</strong></span> <span class='ocrx_word' id='word_1_32' title='bbox 815 868 857 934; x_wconf 89' lang='lat' dir='ltr'><strong>ad</strong></span> <span class='ocrx_word' id='word_1_33' title='bbox 878 868 1091 954; x_wconf 79' lang='lat' dir='ltr'><strong>principatum</strong></span> <span class='ocrx_word' id='word_1_34' title='bbox 1112 870 1262 957; x_wconf 80' lang='lat' dir='ltr'><strong>episcopi</strong></span> <span class='ocrx_word' id='word_1_35' title='bbox 1292 871 1332 938; x_wconf 80' lang='lat'><strong>0.</strong></span> 
     </span>
     <span class='ocr_line' id='line_1_6' title="bbox 244 985 1333 1084; baseline 0 -27"><span class='ocrx_word' id='word_1_36' title='bbox 244 992 285 1057; x_wconf 89' lang='lat' dir='ltr'><strong>P.</strong></span> <span class='ocrx_word' id='word_1_37' title='bbox 307 988 537 1058; x_wconf 85' lang='lat' dir='ltr'><strong>vindicandum</strong></span> <span class='ocrx_word' id='word_1_38' title='bbox 559 987 730 1084; x_wconf 83' lang='lat' dir='ltr'><strong>conflatum</strong></span> <span class='ocrx_word' id='word_1_39' title='bbox 748 1004 827 1052; x_wconf 89' lang='lat' dir='ltr'><strong>esse</strong></span> <span class='ocrx_word' id='word_1_40' title='bbox 848 992 975 1072; x_wconf 90' lang='lat' dir='ltr'><strong>potest,</strong></span> <span class='ocrx_word' id='word_1_41' title='bbox 997 985 1171 1072; x_wconf 81' lang='lat' dir='ltr'><strong>diiigenter</strong></span> <span class='ocrx_word' id='word_1_42' title='bbox 1184 1009 1333 1077; x_wconf 88' lang='lat' dir='ltr'><strong>perpen-</strong></span> 
     </span>
     <span class='ocr_line' id='line_1_7' title="bbox 245 1099 1334 1195; baseline 0.001 -19"><span class='ocrx_word' id='word_1_43' title='bbox 245 1109 352 1190; x_wconf 87' lang='lat' dir='ltr'><strong>deris,</strong></span> <span class='ocrx_word' id='word_1_44' title='bbox 380 1125 516 1195; x_wconf 89' lang='lat' dir='ltr'><strong>prorsus</strong></span> <span class='ocrx_word' id='word_1_45' title='bbox 537 1105 757 1194; x_wconf 83' lang='lat' dir='ltr'><strong>improbabile.</strong></span> <span class='ocrx_word' id='word_1_46' title='bbox 804 1099 852 1195; x_wconf 82' lang='lat'><strong>3)</strong></span> <span class='ocrx_word' id='word_1_47' title='bbox 877 1105 1071 1193; x_wconf 85' lang='lat' dir='ltr'><strong>Procopium</strong></span> <span class='ocrx_word' id='word_1_48' title='bbox 1099 1112 1260 1174; x_wconf 88' lang='lat' dir='ltr'><strong>tractatus</strong></span> <span class='ocrx_word' id='word_1_49' title='bbox 1291 1107 1334 1177; x_wconf 88' lang='lat' dir='ltr'><strong>de</strong></span> 
     </span>
     <span class='ocr_line' id='line_1_8' title="bbox 244 1221 1335 1313; baseline 0 -19"><span class='ocrx_word' id='word_1_50' title='bbox 244 1225 440 1313; x_wconf 84' lang='lat' dir='ltr'><strong>Prophetis,</strong></span> <span class='ocrx_word' id='word_1_51' title='bbox 469 1244 573 1313; x_wconf 88' lang='lat' dir='ltr'><strong>equo</strong></span> <span class='ocrx_word' id='word_1_52' title='bbox 595 1229 663 1292; x_wconf 87' lang='lat' dir='ltr'><strong>toto</strong></span> <span class='ocrx_word' id='word_1_53' title='bbox 691 1221 712 1302; x_wconf 84' lang='grc' dir='ltr'><em>ἡ</em></span> <span class='ocrx_word' id='word_1_54' title='bbox 739 1223 916 1312; x_wconf 72' lang='grc' dir='ltr'><strong><em>παράδοσις</em></strong></span> <span class='ocrx_word' id='word_1_55' title='bbox 943 1231 1093 1307; x_wconf 88' lang='lat' dir='ltr'><strong>resonat,</strong></span> <span class='ocrx_word' id='word_1_56' title='bbox 1121 1233 1335 1294; x_wconf 79' lang='lat' dir='ltr'><strong>auctorem</strong></span> 
     </span>
     <span class='ocr_line' id='line_1_9' title="bbox 247 1340 1335 1432; baseline 0 -20"><span class='ocrx_word' id='word_1_57' title='bbox 247 1345 460 1432; x_wconf 79' lang='lat' dir='ltr'><strong>csseialsum</strong></span> <span class='ocrx_word' id='word_1_58' title='bbox 482 1349 608 1416; x_wconf 87' lang='lat' dir='ltr'><strong>estet,</strong></span> <span class='ocrx_word' id='word_1_59' title='bbox 630 1341 694 1411; x_wconf 90' lang='lat' dir='ltr'><strong>nisi</strong></span> <span class='ocrx_word' id='word_1_60' title='bbox 715 1342 830 1408; x_wconf 90' lang='lat' dir='ltr'><strong>librum</strong></span> <span class='ocrx_word' id='word_1_61' title='bbox 851 1343 960 1420; x_wconf 83' lang='lat' dir='ltr'><strong>talem,</strong></span> <span class='ocrx_word' id='word_1_62' title='bbox 982 1340 1086 1428; x_wconf 81' lang='lat' dir='ltr'><strong>qualis</strong></span> <span class='ocrx_word' id='word_1_63' title='bbox 1108 1349 1161 1410; x_wconf 90' lang='lat' dir='ltr'><strong>est</strong></span> <span class='ocrx_word' id='word_1_64' title='bbox 1181 1342 1335 1431; x_wconf 77' lang='lat' dir='ltr'><strong>Epipha-</strong></span> 
     </span>
     <span class='ocr_line' id='line_1_10' title="bbox 246 1459 1422 1552; baseline -0.009 -20"><span class='ocrx_word' id='word_1_65' title='bbox 246 1465 378 1541; x_wconf 86' lang='lat' dir='ltr'><strong>nianus‚</strong></span> <span class='ocrx_word' id='word_1_66' title='bbox 409 1464 450 1530; x_wconf 90' lang='lat' dir='ltr'><strong>ab</strong></span> <span class='ocrx_word' id='word_1_67' title='bbox 473 1483 512 1530; x_wconf 91' lang='lat' dir='ltr'><strong>eu</strong></span> <span class='ocrx_word' id='word_1_68' title='bbox 535 1462 734 1549; x_wconf 86' lang='lat' dir='ltr'><strong>exscriptum</strong></span> <span class='ocrx_word' id='word_1_69' title='bbox 755 1467 867 1549; x_wconf 90' lang='lat' dir='ltr'><strong>putes,</strong></span> <span class='ocrx_word' id='word_1_70' title='bbox 896 1461 995 1546; x_wconf 86' lang='lat' dir='ltr'><strong>plane</strong></span> <span class='ocrx_word' id='word_1_71' title='bbox 1025 1459 1229 1552; x_wconf 80' lang='lat' dir='ltr'><strong>incredibile3</strong></span> <span class='ocrx_word' id='word_1_72' title='bbox 1262 1482 1337 1531; x_wconf 92' lang='lat' dir='ltr'><strong>enm</strong></span> <span class='ocrx_word' id='word_1_73' title='bbox 1421 1517 1422 1522; x_wconf 75' lang='grc'>,</span> 
     </span>
     <span class='ocr_line' id='line_1_11' title="bbox 145 1579 1422 1678; baseline -0.001 -28"><span class='ocrx_word' id='word_1_74' title='bbox 145 1671 148 1678; x_wconf 88' lang='lat'>.</span> <span class='ocrx_word' id='word_1_75' title='bbox 246 1602 326 1650; x_wconf 90' lang='lat' dir='ltr'><strong>vcro</strong></span> <span class='ocrx_word' id='word_1_76' title='bbox 356 1582 451 1666; x_wconf 86' lang='lat' dir='ltr'><strong>hujus</strong></span> <span class='ocrx_word' id='word_1_77' title='bbox 482 1587 641 1648; x_wconf 85' lang='lat' dir='ltr'><strong>tractatus</strong></span> <span class='ocrx_word' id='word_1_78' title='bbox 669 1580 769 1647; x_wconf 89' lang='lat' dir='ltr'><strong>latine</strong></span> <span class='ocrx_word' id='word_1_79' title='bbox 797 1579 923 1646; x_wconf 90' lang='lat' dir='ltr'><strong>inventi</strong></span> <span class='ocrx_word' id='word_1_80' title='bbox 948 1579 1226 1665; x_wconf 84' lang='lat' dir='ltr'><strong>interpretem</strong></span> <span class='ocrx_word' id='word_1_81' title='bbox 1257 1601 1337 1650; x_wconf 84' lang='lat' dir='ltr'><strong>esse</strong></span> <span class='ocrx_word' id='word_1_82' title='bbox 1421 1645 1422 1666; x_wconf 56' lang='lat'><strong>,</strong></span> 
     </span>
     <span class='ocr_line' id='line_1_12' title="bbox 246 1697 1337 1788; baseline 0 -21"><span class='ocrx_word' id='word_1_83' title='bbox 246 1701 350 1781; x_wconf 89' lang='lat' dir='ltr'><strong>nullo,</strong></span> <span class='ocrx_word' id='word_1_84' title='bbox 381 1707 415 1766; x_wconf 92' lang='lat' dir='ltr'><strong>ut</strong></span> <span class='ocrx_word' id='word_1_85' title='bbox 437 1700 747 1788; x_wconf 80' lang='lat' dir='ltr'><strong>demonstravimus,</strong></span> <span class='ocrx_word' id='word_1_86' title='bbox 782 1697 991 1784; x_wconf 76' lang='lat' dir='ltr'><strong>antiquitatis.</strong></span> <span class='ocrx_word' id='word_1_87' title='bbox 1008 1698 1192 1764; x_wconf 86' lang='lat' dir='ltr'><strong>testimonio</strong></span> <span class='ocrx_word' id='word_1_88' title='bbox 1215 1699 1337 1767; x_wconf 86' lang='lat' dir='ltr'><strong>confir-</strong></span> 
     </span>
     <span class='ocr_line' id='line_1_13' title="bbox 246 1811 1423 1906; baseline 0.002 -22"><span class='ocrx_word' id='word_1_89' title='bbox 246 1811 360 1885; x_wconf 88' lang='lat' dir='ltr'><strong>matur.</strong></span> <span class='ocrx_word' id='word_1_90' title='bbox 404 1817 561 1905; x_wconf 87' lang='lat' dir='ltr'><strong>Accedit,</strong></span> <span class='ocrx_word' id='word_1_91' title='bbox 583 1817 668 1904; x_wconf 84' lang='lat' dir='ltr'><strong>quod</strong></span> <span class='ocrx_word' id='word_1_92' title='bbox 686 1816 772 1882; x_wconf 89' lang='lat' dir='ltr'><strong>omni</strong></span> <span class='ocrx_word' id='word_1_93' title='bbox 793 1815 1074 1906; x_wconf 88' lang='lat' dir='ltr'><strong>verisimilitudine</strong></span> <span class='ocrx_word' id='word_1_94' title='bbox 1097 1823 1200 1906; x_wconf 87' lang='lat' dir='ltr'><strong>caret,</strong></span> <span class='ocrx_word' id='word_1_95' title='bbox 1220 1815 1337 1905; x_wconf 85' lang='lat' dir='ltr'><strong>Syuo-</strong></span> <span class='ocrx_word' id='word_1_96' title='bbox 1422 1831 1423 1892; x_wconf 86' lang='lat' dir='ltr'>j</span> 
     </span>
     <span class='ocr_line' id='line_1_14' title="bbox 246 1934 1338 2025; baseline 0.002 -23"><span class='ocrx_word' id='word_1_97' title='bbox 246 1937 331 2024; x_wconf 91' lang='lat' dir='ltr'><strong>psin‚</strong></span> <span class='ocrx_word' id='word_1_98' title='bbox 354 1938 404 2003; x_wconf 93' lang='lat' dir='ltr'><strong>cui</strong></span> <span class='ocrx_word' id='word_1_99' title='bbox 426 1936 577 2021; x_wconf 88' lang='lat' dir='ltr'><strong>Procopii</strong></span> <span class='ocrx_word' id='word_1_100' title='bbox 599 1954 715 2003; x_wconf 92' lang='lat' dir='ltr'><strong>nomen</strong></span> <span class='ocrx_word' id='word_1_101' title='bbox 736 1934 861 2003; x_wconf 85' lang='lat' dir='ltr'><strong>diserte</strong></span> <span class='ocrx_word' id='word_1_102' title='bbox 882 1935 1096 2022; x_wconf 89' lang='lat' dir='ltr'><strong>subscriptum</strong></span> <span class='ocrx_word' id='word_1_103' title='bbox 1109 1943 1173 2025; x_wconf 84' lang='lat' dir='ltr'><strong>est,</strong></span> <span class='ocrx_word' id='word_1_104' title='bbox 1196 1936 1338 2004; x_wconf 88' lang='lat' dir='ltr'><strong>decursu</strong></span> 
     </span>
     <span class='ocr_line' id='line_1_15' title="bbox 247 2051 1336 2142; baseline 0.002 -22"><span class='ocrx_word' id='word_1_105' title='bbox 247 2054 403 2140; x_wconf 85' lang='lat' dir='ltr'><strong>temporis</strong></span> <span class='ocrx_word' id='word_1_106' title='bbox 425 2052 609 2140; x_wconf 78' lang='lat' dir='ltr'><strong>Epiphanio</strong></span> <span class='ocrx_word' id='word_1_107' title='bbox 633 2051 733 2142; x_wconf 81' lang='lat' dir='ltr'><strong>Cypri</strong></span> <span class='ocrx_word' id='word_1_108' title='bbox 755 2055 908 2141; x_wconf 86' lang='lat' dir='ltr'><strong>episcopo</strong></span> <span class='ocrx_word' id='word_1_109' title='bbox 937 2073 980 2120; x_wconf 85' lang='lat' dir='ltr'><strong>ax</strong></span> <span class='ocrx_word' id='word_1_110' title='bbox 1009 2051 1195 2141; x_wconf 75' lang='lat' dir='ltr'><strong>Epiphanio</strong></span> <span class='ocrx_word' id='word_1_111' title='bbox 1227 2056 1264 2124; x_wconf 88' lang='lat' dir='ltr'><strong>C.</strong></span> <span class='ocrx_word' id='word_1_112' title='bbox 1294 2057 1336 2122; x_wconf 91' lang='lat' dir='ltr'><strong>P.</strong></span> 
     </span>
     <span class='ocr_line' id='line_1_16' title="bbox 248 2172 1339 2262; baseline 0.001 -22"><span class='ocrx_word' id='word_1_113' title='bbox 248 2173 355 2240; x_wconf 84' lang='lat' dir='ltr'><strong>efficto</strong></span> <span class='ocrx_word' id='word_1_114' title='bbox 378 2172 563 2238; x_wconf 88' lang='lat' dir='ltr'><strong>attributum</strong></span> <span class='ocrx_word' id='word_1_115' title='bbox 585 2191 676 2259; x_wconf 87' lang='lat' dir='ltr'><strong>esse,</strong></span> <span class='ocrx_word' id='word_1_116' title='bbox 697 2193 759 2238; x_wconf 91' lang='lat' dir='ltr'><strong>uuo</strong></span> <span class='ocrx_word' id='word_1_117' title='bbox 782 2191 892 2240; x_wconf 88' lang='lat' dir='ltr'><strong>errore</strong></span> <span class='ocrx_word' id='word_1_118' title='bbox 914 2193 985 2240; x_wconf 95' lang='lat' dir='ltr'><strong>cum</strong></span> <span class='ocrx_word' id='word_1_119' title='bbox 1007 2172 1111 2239; x_wconf 87' lang='lat' dir='ltr'><strong>altero</strong></span> <span class='ocrx_word' id='word_1_120' title='bbox 1132 2181 1339 2262; x_wconf 83' lang='lat' dir='ltr'><strong>commutato,</strong></span> 
     </span>
     <span class='ocr_line' id='line_1_17' title="bbox 248 2288 1339 2385; baseline 0 -25"><span class='ocrx_word' id='word_1_121' title='bbox 248 2291 303 2360; x_wconf 89' lang='lat' dir='ltr'><strong>vel</strong></span> <span class='ocrx_word' id='word_1_122' title='bbox 325 2291 497 2377; x_wconf 84' lang='lat' dir='ltr'><strong>speciatim</strong></span> <span class='ocrx_word' id='word_1_123' title='bbox 518 2288 702 2377; x_wconf 87' lang='lat' dir='ltr'><strong>Syntagma</strong></span> <span class='ocrx_word' id='word_1_124' title='bbox 723 2290 765 2358; x_wconf 88' lang='lat' dir='ltr'><strong>dc</strong></span> <span class='ocrx_word' id='word_1_125' title='bbox 787 2291 955 2378; x_wconf 85' lang='lat' dir='ltr'><strong>prophetis</strong></span> <span class='ocrx_word' id='word_1_126' title='bbox 983 2291 1117 2376; x_wconf 90' lang='lat' dir='ltr'><strong>primum</strong></span> <span class='ocrx_word' id='word_1_127' title='bbox 1149 2289 1284 2385; x_wconf 85' lang='lat' dir='ltr'><strong>(nescio</strong></span> <span class='ocrx_word' id='word_1_128' title='bbox 1316 2313 1339 2360; x_wconf 87' lang='lat' dir='ltr'><strong>a</strong></span> 
     </span>
     <span class='ocr_line' id='line_1_18' title="bbox 248 2405 1338 2499; baseline 0 -24"><span class='ocrx_word' id='word_1_129' title='bbox 248 2427 386 2498; x_wconf 87' lang='lat' dir='ltr'><strong>quonam</strong></span> <span class='ocrx_word' id='word_1_130' title='bbox 408 2415 442 2475; x_wconf 91' lang='lat' dir='ltr'><strong>et</strong></span> <span class='ocrx_word' id='word_1_131' title='bbox 464 2405 538 2498; x_wconf 80' lang='lat' dir='ltr'><strong>ubi)</strong></span> <span class='ocrx_word' id='word_1_132' title='bbox 563 2410 741 2499; x_wconf 89' lang='lat' dir='ltr'><strong>Procopio,</strong></span> <span class='ocrx_word' id='word_1_133' title='bbox 772 2409 891 2478; x_wconf 89' lang='lat' dir='ltr'><strong>deinde</strong></span> <span class='ocrx_word' id='word_1_134' title='bbox 913 2409 996 2478; x_wconf 80' lang='lat' dir='ltr'><strong>salse</strong></span> <span class='ocrx_word' id='word_1_135' title='bbox 1017 2408 1201 2498; x_wconf 79' lang='lat' dir='ltr'><strong>Epiphanio</strong></span> <span class='ocrx_word' id='word_1_136' title='bbox 1223 2409 1260 2478; x_wconf 80' lang='lat' dir='ltr'><strong>G.</strong></span> <span class='ocrx_word' id='word_1_137' title='bbox 1283 2411 1338 2499; x_wconf 71' lang='lat'><strong>1²,</strong></span> 
     </span>
     <span class='ocr_line' id='line_1_19' title="bbox 249 2526 1333 2616; baseline -0.001 -22"><span class='ocrx_word' id='word_1_138' title='bbox 249 2527 389 2614; x_wconf 84' lang='lat' dir='ltr'><strong>denique</strong></span> <span class='ocrx_word' id='word_1_139' title='bbox 418 2528 496 2594; x_wconf 89' lang='lat' dir='ltr'><strong>item</strong></span> <span class='ocrx_word' id='word_1_140' title='bbox 525 2527 607 2596; x_wconf 90' lang='lat' dir='ltr'><strong>lalse</strong></span> <span class='ocrx_word' id='word_1_141' title='bbox 642 2528 827 2616; x_wconf 81' lang='lat' dir='ltr'><strong>Epiphanio</strong></span> <span class='ocrx_word' id='word_1_142' title='bbox 863 2526 1083 2597; x_wconf 85' lang='lat' dir='ltr'><strong>Salaminensi</strong></span> <span class='ocrx_word' id='word_1_143' title='bbox 1116 2527 1333 2614; x_wconf 84' lang='lat' dir='ltr'><strong>adjudicatum</strong></span> 
     </span>
     <span class='ocr_line' id='line_1_20' title="bbox 250 2645 1335 2734; baseline -0.001 -22"><span class='ocrx_word' id='word_1_144' title='bbox 250 2664 337 2712; x_wconf 86' lang='lat' dir='ltr'><strong>esse.</strong></span> <span class='ocrx_word' id='word_1_145' title='bbox 382 2645 440 2710; x_wconf 85' lang='lat' dir='ltr'><strong>Sic</strong></span> <span class='ocrx_word' id='word_1_146' title='bbox 462 2651 648 2733; x_wconf 86' lang='lat' dir='ltr'><strong>conjectura</strong></span> <span class='ocrx_word' id='word_1_147' title='bbox 670 2645 790 2716; x_wconf 80' lang='lat' dir='ltr'><strong>(tudini</strong></span> <span class='ocrx_word' id='word_1_148' title='bbox 811 2648 844 2714; x_wconf 94' lang='lat' dir='ltr'><strong>in</strong></span> <span class='ocrx_word' id='word_1_149' title='bbox 866 2647 995 2716; x_wconf 87' lang='lat' dir='ltr'><strong>nihilum</strong></span> <span class='ocrx_word' id='word_1_150' title='bbox 1001 2695 1013 2731; x_wconf 92' lang='lat'><strong>,</strong></span> <span class='ocrx_word' id='word_1_151' title='bbox 1040 2665 1089 2732; x_wconf 71' lang='lat' dir='ltr'><strong>en</strong></span> <span class='ocrx_word' id='word_1_152' title='bbox 1105 2667 1168 2733; x_wconf 83' lang='lat' dir='ltr'><strong>quo</strong></span> <span class='ocrx_word' id='word_1_153' title='bbox 1189 2646 1335 2734; x_wconf 87' lang='lat' dir='ltr'><strong>emersit,</strong></span> 
     </span>
     <span class='ocr_line' id='line_1_21' title="bbox 249 2760 1338 2853; baseline 0.002 -23"><span class='ocrx_word' id='word_1_154' title='bbox 249 2764 378 2830; x_wconf 90' lang='lat' dir='ltr'><strong>recidit.</strong></span> <span class='ocrx_word' id='word_1_155' title='bbox 422 2760 650 2850; x_wconf 78' lang='lat' dir='ltr'><strong>conjecturam</strong></span> <span class='ocrx_word' id='word_1_156' title='bbox 672 2773 807 2853; x_wconf 89' lang='lat' dir='ltr'><strong>propter</strong></span> <span class='ocrx_word' id='word_1_157' title='bbox 827 2767 980 2832; x_wconf 91' lang='lat' dir='ltr'><strong>minorem</strong></span> <span class='ocrx_word' id='word_1_158' title='bbox 1003 2766 1217 2834; x_wconf 80' lang='lat' dir='ltr'><strong>temeritatem</strong></span> <span class='ocrx_word' id='word_1_159' title='bbox 1238 2772 1338 2834; x_wconf 87' lang='lat' dir='ltr'><strong>ante·</strong></span> 
     </span>
     <span class='ocr_line' id='line_1_22' title="bbox 250 2882 1339 2973; baseline 0 -24"><span class='ocrx_word' id='word_1_160' title='bbox 250 2882 432 2970; x_wconf 88' lang='lat' dir='ltr'><strong>ponendam</strong></span> <span class='ocrx_word' id='word_1_161' title='bbox 455 2885 605 2970; x_wconf 89' lang='lat' dir='ltr'><strong>pro&#39;pouit</strong></span> <span class='ocrx_word' id='word_1_162' title='bbox 626 2884 750 2950; x_wconf 79' lang='lat' dir='ltr'><strong>Joaon.</strong></span> <span class='ocrx_word' id='word_1_163' title='bbox 774 2884 966 2973; x_wconf 69' lang='lat' dir='ltr'><strong>zelorum,</strong></span> <span class='ocrx_word' id='word_1_164' title='bbox 989 2885 1043 2972; x_wconf 88' lang='lat' dir='ltr'><strong>qui</strong></span> <span class='ocrx_word' id='word_1_165' title='bbox 1060 2882 1339 2971; x_wconf 80' lang='lat' dir='ltr'><strong>etipselipipha-</strong></span> 
     </span>
     <span class='ocr_line' id='line_1_23' title="bbox 248 3001 1339 3091; baseline 0.003 -24"><span class='ocrx_word' id='word_1_166' title='bbox 248 3003 378 3068; x_wconf 81' lang='lat' dir='ltr'><strong>marram</strong></span> <span class='ocrx_word' id='word_1_167' title='bbox 401 3001 474 3068; x_wconf 87' lang='lat' dir='ltr'><strong>iibri</strong></span> <span class='ocrx_word' id='word_1_168' title='bbox 497 3003 651 3090; x_wconf 84' lang='lat' dir='ltr'><strong>originem</strong></span> <span class='ocrx_word' id='word_1_169' title='bbox 674 3009 775 3088; x_wconf 83' lang='lat' dir='ltr'><strong>negat</strong></span> <span class='ocrx_word' id='word_1_170' title='bbox 796 3009 841 3091; x_wconf 86' lang='lat' dir='ltr'><strong>et,</strong></span> <span class='ocrx_word' id='word_1_171' title='bbox 863 3021 933 3068; x_wconf 92' lang='lat' dir='ltr'><strong>cum</strong></span> <span class='ocrx_word' id='word_1_172' title='bbox 955 3005 1027 3087; x_wconf 86' lang='lat' dir='ltr'><strong>ejus</strong></span> <span class='ocrx_word' id='word_1_173' title='bbox 1044 3023 1114 3071; x_wconf 93' lang='lat' dir='ltr'><strong>cum</strong></span> <span class='ocrx_word' id='word_1_174' title='bbox 1128 3003 1339 3071; x_wconf 88' lang='lat' dir='ltr'><strong>Dorotheauo</strong></span> 
     </span>
     <span class='ocr_line' id='line_1_24' title="bbox 249 3119 1340 3210; baseline -0.001 -22"><span class='ocrx_word' id='word_1_175' title='bbox 249 3141 403 3188; x_wconf 89' lang='lat' dir='ltr'><strong>summam</strong></span> <span class='ocrx_word' id='word_1_176' title='bbox 424 3119 663 3188; x_wconf 87' lang='lat' dir='ltr'><strong>similitudinem</strong></span> <span class='ocrx_word' id='word_1_177' title='bbox 686 3129 837 3190; x_wconf 88' lang='lat' dir='ltr'><strong>cerneret</strong></span> <span class='ocrx_word' id='word_1_178' title='bbox 858 3131 893 3188; x_wconf 87' lang='lat' dir='ltr'><strong>et</strong></span> <span class='ocrx_word' id='word_1_179' title='bbox 915 3122 1010 3190; x_wconf 92' lang='lat' dir='ltr'><strong>simul</strong></span> <span class='ocrx_word' id='word_1_180' title='bbox 1030 3123 1284 3210; x_wconf 82' lang='lat' dir='ltr'><strong>aliquam&#39;unius</strong></span> <span class='ocrx_word' id='word_1_181' title='bbox 1297 3121 1340 3188; x_wconf 82' lang='lat' dir='ltr'><strong>ab</strong></span> 
     </span>
     <span class='ocr_line' id='line_1_25' title="bbox 248 3239 1340 3327; baseline -0.001 -20"><span class='ocrx_word' id='word_1_182' title='bbox 248 3241 354 3308; x_wconf 86' lang='lat' dir='ltr'><strong>altero</strong></span> <span class='ocrx_word' id='word_1_183' title='bbox 378 3239 631 3326; x_wconf 86' lang='lat' dir='ltr'><strong>discrepantiam</strong></span> <span class='ocrx_word' id='word_1_184' title='bbox 652 3257 775 3326; x_wconf 83' lang='lat' dir='ltr'><strong>negare</strong></span> <span class='ocrx_word' id='word_1_185' title='bbox 797 3258 862 3308; x_wconf 92' lang='lat' dir='ltr'><strong>non</strong></span> <span class='ocrx_word' id='word_1_186' title='bbox 885 3247 1010 3327; x_wconf 82' lang='lat' dir='ltr'><strong>posset,</strong></span> <span class='ocrx_word' id='word_1_187' title='bbox 1033 3243 1130 3308; x_wconf 92' lang='lat' dir='ltr'><strong>alium</strong></span> <span class='ocrx_word' id='word_1_188' title='bbox 1150 3261 1195 3308; x_wconf 86' lang='lat' dir='ltr'><strong>ex</strong></span> <span class='ocrx_word' id='word_1_189' title='bbox 1209 3240 1261 3306; x_wconf 87' lang='lat' dir='ltr'><strong>his</strong></span> <span class='ocrx_word' id='word_1_190' title='bbox 1276 3258 1340 3306; x_wconf 89' lang='lat' dir='ltr'><strong>an·</strong></span> 
     </span>
     <span class='ocr_line' id='line_1_26' title="bbox 249 3357 1339 3446; baseline 0 -24"><span class='ocrx_word' id='word_1_191' title='bbox 249 3359 368 3444; x_wconf 81' lang='lat' dir='ltr'><strong>gustiis</strong></span> <span class='ocrx_word' id='word_1_192' title='bbox 389 3360 511 3424; x_wconf 86' lang='lat' dir='ltr'><strong>exitum</strong></span> <span class='ocrx_word' id='word_1_193' title='bbox 532 3358 684 3444; x_wconf 89' lang='lat' dir='ltr'><strong>quaesiit.</strong></span> <span class='ocrx_word' id='word_1_194' title='bbox 726 3359 869 3425; x_wconf 87' lang='lat' dir='ltr'><strong>Prolatis</strong></span> <span class='ocrx_word' id='word_1_195' title='bbox 889 3360 1099 3445; x_wconf 81' lang='lat' dir='ltr'><strong>argumentis,</strong></span> <span class='ocrx_word' id='word_1_196' title='bbox 1121 3376 1205 3446; x_wconf 89' lang='lat' dir='ltr'><strong>quae</strong></span> <span class='ocrx_word' id='word_1_197' title='bbox 1225 3357 1339 3426; x_wconf 90' lang='lat' dir='ltr'><strong>librum</strong></span> 
     </span>
     <span class='ocr_line' id='line_1_27' title="bbox 251 3473 1337 3565; baseline -0.003 -22"><span class='ocrx_word' id='word_1_198' title='bbox 251 3477 451 3562; x_wconf 89' lang='lat' dir='ltr'><strong>suppositum</strong></span> <span class='ocrx_word' id='word_1_199' title='bbox 463 3494 540 3542; x_wconf 90' lang='lat' dir='ltr'><strong>csse</strong></span> <span class='ocrx_word' id='word_1_200' title='bbox 553 3477 718 3558; x_wconf 85' lang='lat' dir='ltr'><strong>evincant,</strong></span> <span class='ocrx_word' id='word_1_201' title='bbox 739 3477 976 3544; x_wconf 89' lang='lat' dir='ltr'><strong>modestissime</strong></span> <span class='ocrx_word' id='word_1_202' title='bbox 991 3478 1174 3565; x_wconf 76' lang='lat' dir='ltr'><strong>sicpergitc</strong></span> <span class='ocrx_word' id='word_1_203' title='bbox 1195 3473 1337 3557; x_wconf 78' lang='lat' dir='ltr'><strong>„Quam-</strong></span> 
     </span>
     <span class='ocr_line' id='line_1_28' title="bbox 251 3591 1337 3684; baseline -0.003 -23"><span class='ocrx_word' id='word_1_204' title='bbox 251 3594 362 3662; x_wconf 84' lang='lat' dir='ltr'><strong>obrem</strong></span> <span class='ocrx_word' id='word_1_205' title='bbox 383 3613 448 3660; x_wconf 90' lang='lat' dir='ltr'><strong>nou</strong></span> <span class='ocrx_word' id='word_1_206' title='bbox 470 3591 628 3662; x_wconf 87' lang='lat' dir='ltr'><strong>imlnerito</strong></span> <span class='ocrx_word' id='word_1_207' title='bbox 650 3596 811 3682; x_wconf 88' lang='lat' dir='ltr'><strong>suspicari</strong></span> <span class='ocrx_word' id='word_1_208' title='bbox 832 3597 904 3683; x_wconf 88' lang='lat' dir='ltr'><strong>quis</strong></span> <span class='ocrx_word' id='word_1_209' title='bbox 926 3599 1061 3682; x_wconf 91' lang='lat' dir='ltr'><strong>poterit,</strong></span> <span class='ocrx_word' id='word_1_210' title='bbox 1092 3594 1271 3684; x_wconf 79' lang='lat' dir='ltr'><strong>Epiphanii</strong></span> <span class='ocrx_word' id='word_1_211' title='bbox 1293 3595 1337 3660; x_wconf 92' lang='lat' dir='ltr'><strong>ti-</strong></span> 
     </span>
     <span class='ocr_line' id='line_1_29' title="bbox 250 3713 1339 3802; baseline -0.005 -21"><span class='ocrx_word' id='word_1_212' title='bbox 250 3713 349 3781; x_wconf 92' lang='lat' dir='ltr'><strong>tulum</strong></span> <span class='ocrx_word' id='word_1_213' title='bbox 371 3733 391 3780; x_wconf 88' lang='lat' dir='ltr'><strong>a</strong></span> <span class='ocrx_word' id='word_1_214' title='bbox 412 3713 647 3782; x_wconf 88' lang='lat' dir='ltr'><strong>recentioribus</strong></span> <span class='ocrx_word' id='word_1_215' title='bbox 668 3715 856 3802; x_wconf 82' lang='lat' dir='ltr'><strong>praefixum,</strong></span> <span class='ocrx_word' id='word_1_216' title='bbox 879 3721 914 3781; x_wconf 93' lang='lat' dir='ltr'><strong>ut</strong></span> <span class='ocrx_word' id='word_1_217' title='bbox 935 3715 1015 3783; x_wconf 90' lang='lat' dir='ltr'><strong>libro</strong></span> <span class='ocrx_word' id='word_1_218' title='bbox 1038 3717 1175 3802; x_wconf 87' lang='lat' dir='ltr'><strong>aliquam</strong></span> <span class='ocrx_word' id='word_1_219' title='bbox 1196 3713 1339 3799; x_wconf 85' lang='lat' dir='ltr'><strong>antiqui-</strong></span> 
     </span>
    </p>
   </div>
   <div class='ocr_carea' id='block_1_3' title="bbox 130 3913 1343 4498">
    <p class='ocr_par' dir='ltr' id='par_1_3' title="bbox 249 3913 1341 4244">
     <span class='ocr_line' id='line_1_30' title="bbox 250 3913 1340 3991; baseline -0.004 -19"><span class='ocrx_word' id='word_1_220' title='bbox 250 3919 289 3986; x_wconf 69' lang='lat' dir='ltr'><strong>rlt&#39;</strong></span> <span class='ocrx_word' id='word_1_221' title='bbox 308 3924 447 3991; x_wconf 75' lang='grc' dir='ltr'><strong>προφητῶν</strong></span> <span class='ocrx_word' id='word_1_222' title='bbox 471 3919 633 3985; x_wconf 86' lang='lat' dir='ltr'><strong>(summariis</strong></span> <span class='ocrx_word' id='word_1_223' title='bbox 654 3926 821 3988; x_wconf 83' lang='lat' dir='ltr'><strong>singulorum</strong></span> <span class='ocrx_word' id='word_1_224' title='bbox 846 3933 922 3985; x_wconf 83' lang='lat' dir='ltr'><strong>capp·</strong></span> <span class='ocrx_word' id='word_1_225' title='bbox 948 3924 1079 3974; x_wconf 90' lang='lat' dir='ltr'><strong>librorum</strong></span> <span class='ocrx_word' id='word_1_226' title='bbox 1100 3913 1340 3985; x_wconf 80' lang='lat' dir='ltr'><strong>propheticorum),</strong></span> 
     </span>
     <span class='ocr_line' id='line_1_31' title="bbox 250 4000 1339 4072; baseline -0.002 -18"><span class='ocrx_word' id='word_1_227' title='bbox 250 4007 318 4069; x_wconf 88' lang='lat' dir='ltr'><strong>quod</strong></span> <span class='ocrx_word' id='word_1_228' title='bbox 336 4012 476 4057; x_wconf 86' lang='lat' dir='ltr'><strong>auctorem</strong></span> <span class='ocrx_word' id='word_1_229' title='bbox 493 4009 573 4058; x_wconf 81' lang='lat' dir='ltr'><strong>nabet</strong></span> <span class='ocrx_word' id='word_1_230' title='bbox 589 4007 770 4072; x_wconf 58' lang='lat' dir='ltr'><strong>ilementum,</strong></span> <span class='ocrx_word' id='word_1_231' title='bbox 793 4008 1280 4072; x_wconf 73' lang='lat' dir='ltr'><strong>presbyternmfflierosotymltouum</strong></span> <span class='ocrx_word' id='word_1_232' title='bbox 1303 4000 1339 4067; x_wconf 90' lang='lat' dir='ltr'><strong>(o.</strong></span> 
     </span>
     <span class='ocr_line' id='line_1_32' title="bbox 250 4091 1341 4157; baseline -0.001 -17"><span class='ocrx_word' id='word_1_233' title='bbox 250 4091 317 4154; x_wconf 74' lang='lat' dir='ltr'><strong>tto,</strong></span> <span class='ocrx_word' id='word_1_234' title='bbox 334 4103 369 4142; x_wconf 88' lang='lat' dir='ltr'><strong>m.</strong></span> <span class='ocrx_word' id='word_1_235' title='bbox 386 4091 458 4157; x_wconf 77' lang='grc'><strong>138).</strong></span> <span class='ocrx_word' id='word_1_236' title='bbox 502 4091 625 4153; x_wconf 74' lang='lat' dir='ltr'><strong>capitula</strong></span> <span class='ocrx_word' id='word_1_237' title='bbox 641 4103 708 4142; x_wconf 83' lang='lat' dir='ltr'><strong>vero</strong></span> <span class='ocrx_word' id='word_1_238' title='bbox 724 4093 853 4144; x_wconf 79' lang='lat' dir='ltr'><strong>historica</strong></span> <span class='ocrx_word' id='word_1_239' title='bbox 876 4094 1018 4157; x_wconf 74' lang='lat' dir='ltr'><strong>Anonymi</strong></span> <span class='ocrx_word' id='word_1_240' title='bbox 1043 4095 1107 4142; x_wconf 86' lang='lat' dir='ltr'><strong>sont</strong></span> <span class='ocrx_word' id='word_1_241' title='bbox 1131 4092 1250 4157; x_wconf 85' lang='lat' dir='ltr'><strong>(scilicet</strong></span> <span class='ocrx_word' id='word_1_242' title='bbox 1272 4099 1341 4140; x_wconf 82' lang='lat' dir='ltr'><strong>euo-</strong></span> 
     </span>
     <span class='ocr_line' id='line_1_33' title="bbox 249 4173 1340 4244; baseline -0.002 -20"><span class='ocrx_word' id='word_1_243' title='bbox 249 4178 325 4238; x_wconf 86' lang='lat' dir='ltr'><strong>nyml</strong></span> <span class='ocrx_word' id='word_1_244' title='bbox 343 4178 547 4240; x_wconf 82' lang='lat' dir='ltr'><strong>compilatoris),</strong></span> <span class='ocrx_word' id='word_1_245' title='bbox 564 4188 647 4239; x_wconf 84' lang='lat' dir='ltr'><strong>quare</strong></span> <span class='ocrx_word' id='word_1_246' title='bbox 661 4177 755 4232; x_wconf 84' lang='lat' dir='ltr'><strong>Juaclr.</strong></span> <span class='ocrx_word' id='word_1_247' title='bbox 767 4178 917 4244; x_wconf 74' lang='lat' dir='ltr'><strong>meinerus,</strong></span> <span class='ocrx_word' id='word_1_248' title='bbox 935 4177 1159 4242; x_wconf 81' lang='lat' dir='ltr'><strong>Pseudopipnanti</strong></span> <span class='ocrx_word' id='word_1_249' title='bbox 1169 4173 1259 4225; x_wconf 88' lang='lat' dir='ltr'><strong>editor</strong></span> <span class='ocrx_word' id='word_1_250' title='bbox 1275 4173 1340 4238; x_wconf 81' lang='lat' dir='ltr'><strong>(„er</strong></span> 
     </span>
    </p>

    <p class='ocr_par' dir='ltr' id='par_1_4' title="bbox 130 4257 1343 4498">
     <span class='ocr_line' id='line_1_34' title="bbox 130 4257 1343 4323; baseline -0.002 -13"><span class='ocrx_word' id='word_1_251' title='bbox 130 4307 133 4316; x_wconf 86' lang='grc'><em>,</em></span> <span class='ocrx_word' id='word_1_252' title='bbox 249 4262 298 4310; x_wconf 80' lang='lat' dir='ltr'><strong>illa</strong></span> <span class='ocrx_word' id='word_1_253' title='bbox 315 4261 468 4312; x_wconf 76' lang='lat' dir='ltr'><strong>[auterens</strong></span> <span class='ocrx_word' id='word_1_254' title='bbox 485 4265 513 4310; x_wconf 86' lang='lat' dir='ltr'><strong>et</strong></span> <span class='ocrx_word' id='word_1_255' title='bbox 531 4260 675 4312; x_wconf 82' lang='lat' dir='ltr'><strong>Pastorttia</strong></span> <span class='ocrx_word' id='word_1_256' title='bbox 692 4259 794 4323; x_wconf 80' lang='lat' dir='ltr'><strong>faece“,</strong></span> <span class='ocrx_word' id='word_1_257' title='bbox 813 4268 842 4312; x_wconf 91' lang='lat' dir='ltr'><strong>ut</strong></span> <span class='ocrx_word' id='word_1_258' title='bbox 860 4277 922 4315; x_wconf 89' lang='lat' dir='ltr'><strong>eum</strong></span> <span class='ocrx_word' id='word_1_259' title='bbox 939 4265 1120 4316; x_wconf 85' lang='lat' dir='ltr'><strong>calumniatur</strong></span> <span class='ocrx_word' id='word_1_260' title='bbox 1131 4257 1283 4323; x_wconf 51' lang='lat' dir='ltr'><strong>,Petemout</strong></span> <span class='ocrx_word' id='word_1_261' title='bbox 1309 4270 1343 4308; x_wconf 87' lang='lat' dir='ltr'><strong>ea</strong></span> 
     </span>
     <span class='ocr_line' id='line_1_35' title="bbox 250 4345 1341 4410; baseline 0.004 -17"><span class='ocrx_word' id='word_1_262' title='bbox 250 4358 304 4396; x_wconf 84' lang='lat' dir='ltr'><strong>non</strong></span> <span class='ocrx_word' id='word_1_263' title='bbox 323 4349 447 4410; x_wconf 75' lang='lat' dir='ltr'><strong>anquam</strong></span> <span class='ocrx_word' id='word_1_264' title='bbox 464 4346 636 4407; x_wconf 74' lang='lat' dir='ltr'><strong>Hesychiana</strong></span> <span class='ocrx_word' id='word_1_265' title='bbox 653 4347 739 4396; x_wconf 84' lang='lat' dir='ltr'><strong>citare</strong></span> <span class='ocrx_word' id='word_1_266' title='bbox 755 4347 876 4398; x_wconf 82' lang='lat' dir='ltr'><strong>debebat.</strong></span> <span class='ocrx_word' id='word_1_267' title='bbox 911 4350 1002 4400; x_wconf 76' lang='lat' dir='ltr'><strong>Anum</strong></span> <span class='ocrx_word' id='word_1_268' title='bbox 1019 4351 1048 4402; x_wconf 86' lang='lat' dir='ltr'><strong>tu</strong></span> <span class='ocrx_word' id='word_1_269' title='bbox 1062 4357 1185 4402; x_wconf 79' lang='lat' dir='ltr'><strong>errorem</strong></span> <span class='ocrx_word' id='word_1_270' title='bbox 1195 4345 1290 4409; x_wconf 78' lang='lat' dir='ltr'><strong>lapsus</strong></span> <span class='ocrx_word' id='word_1_271' title='bbox 1300 4348 1341 4396; x_wconf 81' lang='lat' dir='ltr'><strong>eut</strong></span> 
     </span>
     <span class='ocr_line' id='line_1_36' title="bbox 250 4428 1220 4498; baseline 0.006 -18"><span class='ocrx_word' id='word_1_272' title='bbox 250 4431 295 4482; x_wconf 80' lang='lat' dir='ltr'><strong>Ju.</strong></span> <span class='ocrx_word' id='word_1_273' title='bbox 313 4431 410 4484; x_wconf 74' lang='lat' dir='ltr'><strong>lirano.</strong></span> <span class='ocrx_word' id='word_1_274' title='bbox 429 4431 551 4482; x_wconf 86' lang='lat' dir='ltr'><strong>ltuddeus</strong></span> <span class='ocrx_word' id='word_1_275' title='bbox 569 4433 597 4484; x_wconf 89' lang='lat' dir='ltr'><strong>ln</strong></span> <span class='ocrx_word' id='word_1_276' title='bbox 614 4431 729 4496; x_wconf 66' lang='lat' dir='ltr'><strong>nagoga</strong></span> <span class='ocrx_word' id='word_1_277' title='bbox 746 4433 1081 4498; x_wconf 65' lang='lat' dir='ltr'><strong>autorum-nuculeum</strong></span> <span class='ocrx_word' id='word_1_278' title='bbox 1097 4444 1123 4495; x_wconf 74' lang='lat' dir='ltr'><strong>a·</strong></span> <span class='ocrx_word' id='word_1_279' title='bbox 1142 4428 1220 4486; x_wconf 70' lang='lat'><strong>1268·</strong></span> 
     </span>
    </p>
   </div>
   <div class='ocr_carea' id='block_1_4' title="bbox 0 0 1455 5138">
    <p class='ocr_par' dir='ltr' id='par_1_5' title="bbox 0 0 1455 5138">
     <span class='ocr_line' id='line_1_37' title="bbox 0 0 1455 5138; baseline 0 0"><span class='ocrx_word' id='word_1_280' title='bbox 0 0 1455 5138; x_wconf 95' lang='lat' dir='ltr'><strong> </strong></span> 
     </span>
    </p>
   </div>
  </div>
 </body>
</html>
