2884 5138
634 329 814 446 —an
857 417 940 436 -.

243 559 278 620 et
298 554 472 637 rationem,
499 567 582 636 quae
605 550 691 618 inter
711 551 773 618 hoc
793 557 829 618 et
851 551 999 640 syriacas
1020 552 1197 619 versiones
1225 553 1334 623 inter-

242 669 349 759 cedit,
376 668 624 758 illustrabimus3
654 676 720 735 tum
742 689 826 756 quae
848 669 967 736 Patres
994 669 1037 736 de
1067 671 1129 736 bac
1158 672 1336 766 traditione

243 785 564 876 apocryphorumqoe
596 785 852 854 danieliticorum
887 789 1083 855 auctoritate
1116 790 1261 856 reserant
1294 809 1336 858 ac

244 907 402 986 sentiant,
433 904 611 973 secundum
640 905 785 972 ordinem
813 907 1049 973 sententiarum
1083 925 1123 973 ac
1155 911 1336 993 temporum

243 1024 374 1110 digesta
395 1024 672 1110 concionabimus3
693 1023 846 1111 denique,
867 1024 995 1091 etiamsi
1017 1024 1231 1109 fragmentum
1245 1024 1337 1092 istud

243 1143 436 1210 arumnicum
458 1144 659 1229 suppositum
688 1149 797 1230 esset,
826 1142 859 1209 id
888 1143 974 1229 qnod
1001 1158 1234 1232 pernegamus,
1262 1144 1336 1226 ejns

244 1259 428 1326 traditionis
442 1269 496 1328 sat
510 1261 673 1328 luculenta
685 1259 830 1344 vestigia
843 1262 941 1327 etiam
950 1260 1154 1346 judaicarum
1168 1263 1335 1340 literarum

245 1380 462 1446 monumentis
483 1379 643 1447 contineri
663 1379 967 1447 demonstrabimus.

784 1664 844 1732 13.

308 1815 310 1820 ·
340 1777 581 1873 manneae
603 1664 916 1888 diacoiboroa
938 1804 1066 1888 opud
1087 1803 1241 1876 nn.

330 1986 534 2054 Traditiouis
563 1987 607 2055 de
632 1987 810 2056 Haboeuco
838 1987 995 2056 Danielis
1017 1991 1214 2058 obsonatore
1242 1989 1340 2056 testis

246 2105 473 2192 antiquissima
492 2112 548 2173 est
562 2107 674 2172 versio
687 2106 850 2188 Danielis,
870 2125 954 2193 quae
969 2107 1098 2194 dicitnr,
1115 2108 1340 2194 septuaginta·

247 2225 383 2313 viralis,
403 2240 498 2311 qnam
518 2233 603 2292 otte
621 2223 805 2291 confundas
824 2244 896 2290 eum
919 2227 1072 2294 versione
1093 2227 1340 2310 noannoeane,

248 2360 333 2429 quae
354 2344 386 2409 in
409 2344 655 2412 Alexandrinae
676 2343 840 2410 versionis
862 2343 1059 2411 editionibus
1080 2363 1125 2412 ex
1154 2347 1342 2412 inveterata

250 2463 413 2530 ecclesiae
434 2461 669 2530 consuetudine
690 2464 725 2528 in
747 2463 842 2546 bnjos
864 2463 968 2528 loonm
991 2463 1165 2528 substituta
1185 2475 1227 2528 aa
1256 2483 1342 2549 sop-
1426 2429 1427 2452 Χ

249 2582 359 2666 posita
373 2597 450 2648 esse
462 2582 555 2648 solet.
587 2582 925 2669 Septuagintaviralis
939 2581 1087 2648 Danielis
1099 2579 1221 2666 versio,
1242 2597 1339 2664 quam

254 2691 416 2782 Ortperaes
437 2698 471 2766 in
492 2712 553 2767 sua
578 2685 869 2787 Tetroplc,sin1t
893 2702 929 2766 in
956 2699 1106 2784 Hexaplo
1133 2696 1338 2763 Theodotiu-

251 2827 342 2894 nem‚
372 2819 512 2905 recepit,
545 2819 678 2904 primum
701 2817 790 2886 edita
812 2827 866 2885 est
887 2837 907 2884 a
930 2816 1098 2884 Simone
1121 2817 1175 2882 dc
1202 2813 1339 2899 Mopi-
1427 2791 1428 2820 ¹

118 2989 127 3007 .
251 2935 374 3022 atris,
406 2933 508 3002 Patre
530 2934 674 3003 Oratorii
702 2939 841 3004 Romani
871 2935 1107 3020 eruditissimo,
1132 2936 1182 3001 'ex
1210 2928 1342 2998 Codicis
1427 2971 1428 2998 i

252 3047 397 3120 chisiani
418 3056 605 3142 apographo
627 3073 688 3142 per
708 3026 919 3122 Franciscurn
939 3052 1112 3120 Blaoebini
1125 3052 1211 3120 tacto
1224 3069 1342 3136 eoque,

252 3177 287 3236 ut
308 3171 456 3258 Bugatos
478 3175 692 3262 conqueritur,
711 3175 842 3252 vitioso,
863 3173 999 3260 proinde
1020 3181 1126 3259 neqtre
1139 3172 1267 3256 integra
1281 3185 1343 3234 nee

251 3289 391 3357 sincera.
406 3284 461 3382 ⁵⁸)
509 3283 630 3360 lollio
661 3291 741 3360 Cod.
779 3291 935 3358 chisiano
970 3292 1167 3377 singularum
1204 3286 1341 3374 partium

253 3406 404 3476 Danielis
425 3405 547 3477 Graeci
568 3410 622 3476 bio
644 3410 813 3478 estoldo:
864 3405 911 3499 1)
939 3407 1186 3496 Prophetiarnm
1214 3404 1341 3470 Danie-

252 3525 293 3591 lis
322 3545 415 3615 eapp.
444 3525 526 3611 xli,
555 3530 704 3616 subjecta
731 3527 892 3595 clausula:
941 3523 1066 3607 Δανιὴλ
1094 3523 1181 3590 κατὰ
1208 3520 1286 3598 τοὺς
1306 3519 1341 3586 'O

252 3641 379 3734 ἐγράφη
399 3670 430 3712 κ.
452 3672 482 3713 τ.
505 3649 534 3715 λ.
565 3641 613 3738 il)
627 3647 792 3735 Susanna,
812 3666 882 3734 cap.
900 3645 1012 3727 Xlll.3
1035 3638 1084 3732 3)
1099 3645 1159 3710 Det
1174 3649 1209 3709 et
1222 3642 1343 3726 Draco,
1427 3649 1428 3684 r

253 3783 325 3850 cap.
347 3763 451 3854 xlv,
472 3766 618 3852 praefixa
631 3767 858 3852 inscriptione:
879 3770 916 3829 te
936 3766 992 3842 τῆς
1011 3757 1343 3846 προφητεὼιςἉμβα-

251 3881 336 3967 κοὺμ
357 3907 385 3949 κ.
408 3909 435 3949 τ.
459 3885 498 3964 λ.,
519 3883 562 3950 de
583 3905 648 3973 qua
675 3904 775 3971 supra
805 3883 961 3960 diximus,
990 3887 1025 3948 et
1053 3897 1168 3944 rursus
1197 3877 1345 3962 subjecta
1427 3869 1428 3882 ’

254 4003 417 4070 clausula:
460 4000 584 4082 Δανιὴλ
607 4000 696 4070 κατὰ
717 3999 792 4079 τοὺς
807 4001 853 4068 Ὀ.
904 4001 1025 4068 Verum
1047 3998 1080 4062 in
1108 3994 1341 4083 antiquissimis

254 4119 417 4188 versionis
439 4120 525 4188 Dan.
549 4119 872 4210 septuagintaviratis
894 4116 1134 4204 exemplaribus
1152 4111 1341 4181 historiode

254 4241 407 4308 Susanna
429 4240 609 4310 visionibus
630 4229 840 4307 Danielitieis
852 4237 1081 4324 praemittitur,
1102 4242 1216 4302 cetera
1230 4229 1340 4300 eodem

321 4482 367 4540 oti)
385 4483 480 4532 Daniel
497 4493 553 4532 sac.
571 4483 759 4546 Septuaginta,
779 4482 882 4531 Romae
901 4477 975 4529 1772.
995 4479 1041 4529 tot.
