2884 5138
654 379 962 452 ...sp-

259 555 315 623 Ad
337 554 401 624 tria
421 553 605 642 posteriora
625 551 711 641 quod
732 552 851 622 attinet
857 599 868 642 ,
896 569 1029 640 qnorum
1047 553 1266 622 tantummodo
1290 552 1355 624 duo

259 674 390 760 integra
410 671 500 740 edita
521 676 597 740 sunt
616 667 698 763 (Νι.
721 667 756 738 3.
780 666 852 760 a),
873 671 965 755 origo
987 670 1187 758 singulorum
1199 671 1355 762 Epipha-

260 793 357 860 niana
378 789 473 857 nulus
494 789 596 856 solius
625 783 757 856 Codicis
784 787 970 856 testimonio
999 790 1128 870 nititur,
1157 791 1242 878 quod
1269 811 1355 860 saue

261 929 373 999 parum
394 909 489 976 valet
510 889 624 977 contra
643 907 869 996 antiquitatem
891 905 933 972 de
955 907 1007 974 luis
1033 908 1275 996 scriptiunculis
1302 912 1355 976 si-

259 1028 393 1096 lentem.
437 1024 547 1108 Quare
569 1025 701 1112 primum
723 1025 765 1092 de
787 1025 839 1092 lois
861 1025 963 1093 tribus
985 1045 1006 1092 a
1028 1023 1195 1096 Cotelerio
1217 1033 1252 1095 et
1282 1027 1354 1096 011-

261 1144 337 1214 diuo
358 1139 409 1233 (l.
431 1163 461 1212 c.
484 1138 589 1234 538)
610 1150 761 1232 unquam
783 1143 890 1230 opella
912 1141 1098 1230 Epiphanio
1121 1143 1254 1234 indigua
1272 1148 1354 1232 reJi-

260 1264 363 1356 citur3
392 1283 448 1330 cur
469 1280 509 1330 co
530 1262 663 1350 indigna
684 1263 744 1342 sit,
771 1281 838 1330 uon
858 1262 974 1342 video,
1006 1282 1068 1332 nec
1098 1270 1206 1332 tumen
1233 1265 1352 1346 habeo,

262 1401 325 1469 qno
347 1383 422 1466 jure
444 1399 521 1448 ‘eum
550 1381 649 1446 istius
676 1379 807 1448 indiculi
834 1386 1000 1448 auctorem
1028 1399 1108 1450 esse
1134 1384 1353 1470 pronunciem.

261 1499 410 1569 Alterum
432 1499 552 1586 poterit
573 1517 652 1566 esse
674 1497 881 1568 traditionum
900 1499 1199 1568 ecclesiasticarum
1215 1501 1354 1588 deupo-

260 1617 357 1686 stolis
379 1617 531 1687 collectio
553 1617 594 1684 ab
613 1615 802 1703 Epiphanio
831 1615 920 1684 lacta
947 1624 982 1684 et
1010 1623 1144 1706 propter
1170 1637 1278 1686 rerum
1303 1621 1355 1686 si-

261 1735 472 1804 militudinem
492 1733 739 1802 collectionibus
761 1735 933 1823 Hippolyti
955 1741 990 1804 et
1009 1735 1169 1804 Dorothei
1190 1738 1290 1804 etiam
1303 1737 1354 1804 di-

261 1855 369 1922 ctione
391 1853 567 1945 simillimn3
595 1857 630 1928 at
648 1853 746 1923 unius
769 1852 901 1924 Codicis
922 1857 1109 1940 suffragium
1131 1875 1197 1923 nou
1224 1855 1356 1944 suflicit,

261 1971 413 2042 standum
434 1979 489 2038 est
509 1972 607 2058 igitur
628 1968 803 2057 eringii-ot
826 1969 952 2040 Cuvaei
967 1973 1102 2058 judicio,
1125 1975 1181 2064 qui
1201 1974 1263 2042 hoc
1275 1994 1356 2062 quo·

262 2110 326 2179 qne
348 2089 534 2178 opusculum
556 2091 760 2177 suppositum
781 2097 816 2158 et
831 2103 876 2168 cx
889 2094 1027 2178 synopsi
1042 2091 1256 2162 Dorotheuna
1268 2113 1355 2162 com·

261 2210 396 2298 pilatum
418 2226 496 2276 esse
517 2207 678 2278 dictitant.
715 2209 919 2279 Postremum
941 2210 1100 2298 denique,
1122 2212 1193 2278 libri
1208 2212 1356 2280 Athana-

261 2328 348 2396 siuni
368 2329 447 2396 itam
471 2326 619 2413 suspecti
639 2344 679 2394 uc
700 2327 798 2413 plana
814 2324 981 2420 collisu)
1003 2349 1064 2417 par
1089 2349 1130 2398 uc
1159 2331 1281 2419 simile,
1311 2349 1355 2398 ne

261 2465 380 2516 nomeu
401 2445 530 2533 quidem
551 2442 728 2530 Epiphanii
757 2445 835 2526 lert,
865 2446 926 2514 aod
955 2467 976 2514 a
1005 2448 1128 2535 Gangio
1157 2447 1355 2516 adscribitur

212 2545 219 2560 ⁸
262 2562 465 2651 Epiphanio,
487 2567 523 2630 nt
543 2563 574 2629 ei
597 2582 710 2630 rursus
731 2562 939 2649 abjudicetur.
982 2565 1094 2634 illusis
1107 2567 1206 2651 igitur
1221 2565 1284 2650 luis,
1305 2566 1350 2632 ad

262 2680 327 2754 dno
349 2681 458 2769 priora
479 2699 540 2748 nos
561 2683 791 2753 convertimus.

348 2799 443 2869 llaec
464 2799 528 2868 duo
550 2799 765 2886 compluribus
786 2802 820 2868 in
842 2799 956 2881 eona,
978 2819 1110 2888 quorum
1130 2821 1228 2885 nnus,
1249 2805 1284 2870 ut
1298 2801 1353 2868 vi-
1424 2781 1425 2798 ³

263 2917 368 2987 dimus
374 2937 450 3006 „ex
472 2918 665 3005 perantiquo
678 2982 681 2994 ,
694 2918 873 3006 exemplari
899 2920 1002 2993 seculi
1030 2920 1141 2989 octavi
1168 2917 1264 2988 medii
1292 2918 1355 2986 de-

263 3043 388 3106 sumtus
403 3042 468 3124 est,
487 3037 707 3126 inveniuntur,
725 3036 904 3125 Epiphanii
917 3037 1046 3107 nominc
1058 3037 1227 3124 iuscripta.
1248 3037 1355 3106 Nemo
1423 3049 1424 3135 l

262 3163 370 3226 antem
392 3176 457 3225 non
479 3155 586 3237 videt,
607 3171 719 3225 eorum
740 3155 966 3242 opusculorum
987 3157 1043 3225 uni
1064 3175 1136 3224 eum
1148 3157 1253 3224 altero
1269 3176 1355 3224 snm-

263 3294 348 3346 mauo
367 3272 573 3344 intercedere
593 3272 880 3354 necessitudinem.
923 3274 1072 3343 Alterum
1094 3275 1194 3356 euim,
1217 3275 1300 3362 quod
1314 3273 1355 3341 de
1422 3295 1423 3344 l

263 3393 345 3460 XVI
374 3391 543 3480 prophetis
570 3392 656 3476 ugit,
689 3391 807 3477 prioris
837 3392 979 3478 epitome
1006 3399 1059 3460 est
1087 3411 1127 3460 ac
1155 3392 1294 3478 proinde
1322 3393 1353 3458 in
1422 3369 1423 3386 ¹

264 3506 365 3576 Codd.
387 3507 564 3596 Epiphanii
584 3527 700 3576 nomeu
722 3509 816 3576 modo
838 3512 925 3595 gerit
948 3510 1042 3580 modo
1063 3531 1127 3578 non
1144 3510 1238 3596 gerit
1261 3510 1353 3576 llaec

264 3645 344 3696 vcro
366 3627 488 3714 duplex
511 3626 656 3712 ejusdem
676 3627 777 3706 libelli
798 3628 899 3696 aditio
921 3631 1033 3696 mirum
1052 3629 1173 3696 habere
1195 3647 1260 3696 nou
1295 3647 1350 3714 po·
1421 3703 1422 3721 χ

263 3745 342 3812 terit
363 3763 453 3827 eum,
476 3744 529 3833 qui
550 3748 769 3833 reputaverit,
801 3748 906 3835 ipsum
928 3745 1147 3835 Epiphanium
1169 3746 1220 3812 sui
1242 3745 1354 3812 l‘anu-
1416 3777 1421 3794 ··

264 3865 306 3931 rii
319 3861 633 3950 ,Ἀνακεφαλαίωσιν
660 3865 850 3934 condidisse
878 3872 913 3934 ct
942 3865 1155 3935 Anastasium
1183 3863 1256 3930 libri
1285 3865 1356 3948 ejus

264 3983 334 4066 περὶ
362 3983 427 4047 τῶν
454 3978 502 4068 ιβ’
532 3983 656 4064 λίθων,
692 4003 786 4071 quem
813 3985 987 4070 genuinum
1016 4001 1095 4050 esse
1123 3981 1182 4051 vix
1216 3979 1357 4048 dubitari

264 4105 394 4188 potest,
429 4101 591 4187 epitomen
620 4099 880 4198 confecissem)
937 4100 1146 4188 Epitomutor
1179 4097 1252 4166 libri
1289 4099 1357 4188 cept

270 4327 272 4334 .
331 4287 379 4348 cc)
395 4286 476 4340 Acori
491 4285 593 4357 allen
609 4286 625 4340 d
642 4288 802 4353 Μελχισεδὲκ
819 4287 937 4359 dwdrup,
958 4285 1068 4360 δμήτωρ
1091 4287 1135 4340 uui
1156 4284 1358 4354 ἀγενεαλόγητος

265 4367 344 4436 (opp.
361 4373 396 4424 ll.
412 4386 438 4436 p.
456 4372 515 4424 289.
533 4372 577 4423 erl.
593 4371 716 4439 iteum),
740 4387 766 4424 r.
784 4375 858 4426 (tare
873 4376 896 4425 1.
913 4389 938 4439 p.
957 4373 1016 4426 tud.
1050 4373 1188 4424 oudini.
1205 4385 1232 4424 c.
1249 4373 1303 4424 844
1320 4384 1356 4423 aa.

333 4469 380 4532 ³¹)
399 4469 483 4524 Pluto
498 4473 570 4526 mour
586 4485 621 4525 οἱ
637 4476 908 4540 nptpmmrpumrto
924 4477 1023 4530 librom
1040 4487 1127 4528 uuum.
1142 4474 1177 4524 rle
1198 4474 1357 4526 laorcsibm
