2884 5138
542 271 545 283 i

775 295 777 302 ,

504 409 585 418 m-.
631 371 682 440 23
727 409 809 420 -..,

429 654 433 665 i
557 607 666 698 §ta

169 743 390 816 Traditio
413 745 469 814 dc
491 745 759 818 Habucuco
781 748 1138 860 discophoro.⁵2]
1196 827 1199 836 Δ
1244 793 1249 796 -

189 915 347 1002 Sequitur
368 932 452 980 nuuc
473 913 539 980 alia
558 933 662 1002 eaque
676 916 935 1002 divulgatissima
950 921 1092 1010 traditio,
1115 941 1197 1010 quae

109 1038 240 1100 ceteras
261 1051 396 1121 omnes,
421 1038 577 1119 quotquot
597 1033 639 1100 de
659 1034 835 1101 Habacuco
863 1036 1024 1126 teruntur,
1054 1042 1195 1127 antiqui-

80 1177 83 1182 ,
106 1155 194 1228 tate,
217 1151 303 1218 fama
326 1155 425 1238 atque
447 1153 641 1218 auctoritate
664 1161 816 1241 superat,
845 1174 928 1241 quoe
960 1157 1195 1244 antiquissimis

104 1268 303 1354 apocryphis
325 1289 345 1336 o
367 1276 484 1337 vetere
506 1246 648 1337 ecclesia
669 1271 1030 1340 deuterocauouicorum
1047 1275 1120 1341 loco
1133 1275 1197 1343 ha-

103 1386 184 1452 bitis
207 1386 395 1474 publiceque
415 1389 561 1475 praelegi
589 1390 696 1455 solitis
724 1391 964 1480 commendata,
991 1411 1012 1458 a
1040 1392 1197 1460 Patribus

108 1504 152 1572 ad
175 1504 430 1586 aedificationem
452 1507 613 1578 ecclesiae
635 1507 777 1588 adhibita
796 1527 835 1574 ac
850 1509 903 1575 vel
917 1511 1120 1578 cantionibus
1137 1532 1194 1578 ce-

106 1621 229 1690 lebrato
252 1632 315 1707 est,
339 1626 431 1710 cujus
452 1624 536 1691 fides
559 1625 715 1692 historica
736 1626 804 1692 lere
827 1646 996 1716 nunquam,
1017 1649 1060 1697 ne
1082 1632 1194 1696 nostro
1226 1633 1237 1654 ⁸

104 1739 234 1828 quidem
256 1749 385 1830 aetate,
417 1741 499 1809 adeo
523 1743 554 1808 in
579 1743 807 1810 dubitationem
829 1752 949 1840 vocata
971 1753 1039 1828 est,
1068 1752 1103 1812 ut
1132 1767 1194 1814 nou

103 1857 145 1923 ad
170 1866 315 1949 tempus,
344 1881 405 1949 quo
427 1861 583 1928 Hahacuc
606 1861 765 1949 propheta
788 1863 908 1944 uixerit
928 1883 968 1930 ac
997 1862 1194 1932 vaticinatus
1265 1891 1267 1898 ¹

105 1976 218 2061 luerit,
240 1978 317 2046 inde
341 1980 505 2048 conclusio
526 1981 596 2046 fieri
619 1981 676 2048 vel
698 1987 789 2048 certe
810 1983 997 2067 conjecture
1019 1985 1091 2070 capi
1113 2003 1195 2070 pos-

102 2097 158 2182 sit,
180 2096 388 2188 traditionem
411 2098 482 2164 dico
505 2098 546 2166 de
568 2099 744 2167 Hahocuco
766 2099 808 2166 ad
837 2098 1020 2181 Danielem,
1042 2097 1096 2188 qui
1115 2123 1195 2188 pro-

102 2220 178 2300 pter
200 2215 314 2286 Belum
336 2217 536 2284 confractum
558 2224 592 2284 et
614 2215 799 2284 Draconem
818 2218 1022 2287 interiectum
1043 2219 1193 2289 inlocum

103 2333 232 2400 leonum
246 2336 412 2419 conjectus
427 2343 509 2422 erat,
530 2355 600 2402 cum
614 2335 718 2422 epulis
732 2335 933 2424 Babylonem
944 2339 1092 2425 abrepto.
1116 2339 1193 2407 lla·-

99 2453 159 2536 jus
181 2452 363 2522 traditionis
385 2453 537 2542 origines,
559 2454 668 2522 antes
690 2473 730 2520 oc
744 2455 927 2524 varietates
941 2455 1098 2542 deinceps
1113 2475 1193 2526 con·

104 2570 336 2662 siderabimns‚
365 2573 528 2660 omuibus,
555 2591 767 2660 quaecuuque
795 2575 838 2642 ad
867 2593 940 2642 eom
968 2574 1193 2672 illustrandam

103 2690 252 2762 conterre
273 2690 404 2778 possint
426 2696 460 2756 ei
481 2691 525 2757 ad
546 2691 617 2774 ejus
638 2691 811 2758 historiam
828 2690 946 2778 aliquid
965 2694 1117 2760 momenti
1130 2693 1193 2759 ho·

102 2808 196 2896 haut,
218 2809 392 2894 diligenter
407 2809 610 2894 conquisitis.
653 2807 794 2874 Primum
812 2827 892 2874 vero
907 2827 1108 2894 exponemus,
1122 2812 1194 2894 ejus

101 2925 288 2994 traditionis
304 2927 449 3014 speciem
464 2932 562 3011 atqrre
580 2931 692 3006 orium,
715 2926 821 3011 qualis
833 2927 865 2992 iu
879 2926 1095 3014 apocryphis„
1108 2947 1192 3012 quac

103 3045 309 3115 versionibus
332 3045 470 3114 Graecis
492 3063 512 3112 a
534 3043 629 3110 LXX
651 3049 687 3110 et
708 3043 932 3112 'l'heodctione
953 3045 1049 3111 factis
1065 3047 1193 3114 intexta

102 3167 189 3241 suut,
211 3164 305 3231 nobis
326 3167 609 3251 repraesentatum
641 3161 771 3249 deiude,
790 3163 833 3228 ad
855 3163 927 3246 ejus
949 3163 1041 3248 quasi
1063 3163 1192 3230 incuna-

104 3281 177 3347 bula
198 3283 331 3370 propius
349 3282 560 3370 accedentes,
581 3281 791 3366 fragmentum
805 3279 976 3367 archetypi
989 3281 1100 3350 horum
1113 3303 1193 3370 ape-

102 3400 294 3487 cryphorum
315 3404 467 3472 oramaici
489 3403 582 3470 uobis
604 3404 833 3468 conservatum
860 3419 940 3468 esse
966 3400 1190 3482 ostendemus,

103 3589 129 3638 id
146 3585 342 3656 estimpensa,
359 3591 411 3640 hoc
428 3595 470 3640 est
487 3595 628 3656 testam,
657 3593 749 3642 urbem
775 3590 933 3641 ostracinen
957 3591 1071 3654 intelligi
1099 3592 1193 3641 volunt

104 3679 134 3719 et
150 3674 257 3718 ceteras
269 3666 351 3734 juxta
367 3673 579 3726 lihlnocoruram
597 3681 624 3726 ct
642 3677 749 3728 Casium
766 3677 906 3738 civitates,
930 3687 995 3736 quas
1014 3686 1096 3735 usque
1114 3675 1192 3726 hodic

104 3756 133 3804 iu
151 3753 279 3818 Aegypto
296 3755 390 3820 lingua
408 3754 598 3823 circumcide,
624 3763 675 3811 hoc
693 3764 748 3824 est,
774 3761 846 3822 Syra
861 3759 934 3819 loqui
952 3760 1122 3807 manifestum
1141 3763 1191 3818 est,

105 3839 250 3901 cipriani,
268 3853 283 3888 e
302 3841 422 3889 vicino
440 3841 547 3902 Syros
564 3847 668 3906 atque
688 3842 819 3893 Arabes
836 3854 854 3891 a
869 3840 1192 3892 Nabuchodonosor

104 3922 138 3970 ln
155 3919 251 3970 iliam
270 3927 398 3976 terram
415 3924 531 3973 iuuisse
549 3921 770 3975 translatos.“

169 4023 218 4082 62)
236 4025 294 4075 lloc
311 4037 408 4076 noman
426 4027 573 4077 multiscium
591 4037 633 4076 me
656 4037 718 4078 esse
739 4027 829 4076 fatcor
852 4039 869 4076 a
893 4028 1000 4077 Sinto
1027 4025 1192 4078 Senensi.

104 4110 149 4172 qui
167 4110 195 4158 iu
213 4109 280 4158 ilihl.
300 4111 328 4158 s.
344 4110 375 4160 Τ.
393 4112 415 4162 1.
439 4125 465 4172 p.
481 4113 526 4162 22.
548 4115 602 4162 ait:
629 4111 754 4163 Ecclesia
779 4109 918 4162 Gathoiica
941 4110 975 4162 ab
1001 4108 1191 4170 Apostolorum

105 4194 270 4252 tenporibus
288 4207 370 4257 rusque
387 4196 472 4246 adhuc
488 4197 624 4258 iiymuum
644 4199 724 4246 trium
741 4207 887 4260 puerorum
903 4192 1024 4259 quotidie
1041 4193 1191 4241 interdict-

104 4287 152 4326 oao
169 4275 264 4328 laudes
281 4277 425 4330 decantans
443 4284 469 4331 et
487 4279 643 4332 (irationem
661 4282 775 4332 Aracha
791 4291 844 4330 una
861 4291 921 4330 cum
943 4277 1063 4328 Historia
1088 4279 1191 4327 sonant

104 4371 154 4410 naa
172 4365 200 4410 et
218 4362 290 4412 italis
306 4365 386 4426 atque
403 4362 513 4416 Abacuc
533 4366 698 4432 Dircophora'
716 4399 814 4416 ......
832 4366 894 4416 huic
917 4361 1057 4428 appendici
1079 4362 1191 4415 canoni·

104 4456 163 4496 curn
180 4449 368 4500 auctoritatem
385 4451 541 4512 promeruit.
