2884 5138
523 356 802 426 ...7-

59 595 64 604 .
113 535 200 602 ritur
224 532 334 618 igitur,
363 549 427 617 qua
450 530 492 598 ‹le
513 549 614 598 musa
634 530 789 598 llabueue
815 548 873 597 suo
900 529 1018 596 nomini
1045 530 1106 597 boe
1134 531 1207 617 epi-¹
1289 549 1291 560 ·

114 654 237 722 tbeton
265 647 435 716 addiderit.
484 647 573 730 Hoc,
601 649 632 714 si
660 667 724 714 non
752 647 903 729 definire,
927 652 1017 714 certe
1044 647 1206 734 conjicere

117 787 302 858 possumus.
351 767 492 856 cyrillus
517 760 823 856 Alexandrinusffl)
853 765 914 832 hcc
940 764 1059 833 idcireo
1089 766 1207 834 iactum
1283 834 1285 840 ,

120 888 313 972 arbitratur,
342 893 377 954 ut
399 883 614 972 signiticaret,
648 903 686 952 sc
715 883 872 952 divinitus
899 883 1051 978 revelata
1080 885 1203 972 eloqui:

120 1000 170 1070 ὅτι
199 1001 238 1070 οὐ
265 1001 310 1069 τὰ
337 999 403 1070 ἀπὸ
429 1003 486 1082 τῆς
512 1003 649 1090 καρδίας
682 997 785 1066 αὐτοῦ
819 1002 930 1067 tauro
961 1005 1094 1086 ἔγνωκε,
1127 1004 1204 1068 δια-

117 1118 318 1211 σορθμσύσει
349 1121 535 1202 δὲμᾶλλον
563 1125 607 1196 εἱς
635 1116 718 1200 ἡμᾶς
745 1116 821 1196 τοὺς
847 1116 937 1203 παρὰ
965 1120 1048 1187 Θεοῦ
1077 1117 1203 1204 λόγους,

114 1239 355 1323 σροασαποίθοι
382 1244 498 1326 σαφῶς
525 1234 693 1326 προφήτην
720 1237 848 1304 ἑαυτὸνΔ
865 1234 1030 1321 ὀοομοὶσας
1058 1242 1115 1305 καὶ
1149 1240 1204 1319 τῆς

112 1361 161 1435 εἰς
190 1359 291 1422 τοῦτο
316 1352 451 1446 χάριτος
479 1352 673 1443 ἀποφαίνων
698 1359 863 1438 lauhun„
900 1356 948 1422 At
977 1354 1060 1424 baec
1091 1358 1205 1426 valent

115 1475 219 1542 etium
247 1473 289 1542 de
316 1475 437 1542 ceteris
467 1473 654 1561 prophetis,
691 1475 745 1560 qui
772 1476 807 1540 in
841 1473 1043 1542 lemmatibus
1074 1493 1203 1542 suorum

117 1591 342 1660 vaticiniorum
363 1593 426 1661 boc
447 1591 613 1678 epitheton
642 1592 800 1659 omittunt.
853 1593 993 1679 Propius
1021 1590 1063 1658 ad
1090 1611 1203 1659 verum

114 1711 260 1788 accessit
288 1704 619 1799 Abruucael¹⁴],
652 1711 706 1795 qui
733 1709 811 1774 illud
840 1715 938 1774 bilin
969 1710 1088 1776 numiui
1114 1711 1204 1776 vatis

117 1826 257 1896 additum
280 1828 356 1895 ideo
378 1831 507 1907 censet,
529 1845 572 1893 ne
594 1827 646 1894 cui
668 1827 811 1913 suspicio
833 1827 1022 1914 oboriretur,
1043 1845 1083 1892 ac
1104 1827 1134 1891 si
1154 1825 1202 1891 di-

117 1944 268 2030 gnitatis,
298 1965 392 2033 quam
414 1946 529 2032 reliqui
551 1943 746 2032 prophetae,
773 1944 938 2012 inferioris
965 1951 1080 2012 noster
1101 1950 1202 2024 esset,

116 2063 192 2150 quia
213 2063 291 2130 tritu
318 2064 350 2130 in
371 2063 444 2130 aliis
465 2064 630 2131 vaticiniis
662 2064 804 2150 vestigia
831 2065 1065 2139 θεοσσεοστίας
1093 2058 1145 2154 (e.
1172 2082 1201 2128 c.

115 2173 173 2262 ’bu
197 2201 230 2262 'rt
257 2203 322 2262 bb't
349 2200 434 2274 nint,
459 2203 492 2262 ’Π
520 2190 598 2268 nub)
621 2198 841 2265 trustraiueo
850 2191 1007 2284 requiras.
1029 2199 1201 2279 Atuonne,

115 2316 183 2382 nisi
209 2321 279 2383 tota
307 2316 425 2405 capitis
453 2317 546 2403 primi
574 2309 737 2384 structura
763 2316 940 2403 dialogico,
966 2323 1058 2383 certe
1085 2316 1202 2403 capitis

117 2433 253 2501 secundi
282 2435 405 2502 initium
439 2434 512 2501 huic
546 2426 733 2504 sententiae
764 2435 979 2501 vehementer
1013 2423 1200 2501 reclamat?

114 2549 201 2635 Quin
229 2553 335 2639 potios
356 2553 492 2640 lyrica
516 2535 555 2619 'et
582 2553 768 2640 psaltica
797 2539 941 2632 indoles,
968 2570 1052 2640 quac
1081 2553 1201 2620 vatici-

113 2671 180 2740 niis
211 2670 451 2740 llabacueiaois
479 2691 560 2757 prae
592 2671 714 2738 ceteris
744 2671 875 2757 propria
904 2676 957 2736 est
970 2664 1040 2762 ¹⁵),
1069 2671 1200 2756 flagito-

113 2791 206 2858 visse
227 2788 376 2875 videtur,
395 2796 450 2878 ut,
473 2809 514 2856 ue
536 2789 620 2856 torte
641 2788 773 2857 minoris
793 2788 925 2866 tierent,
957 2788 1199 2874 proplietam
1224 2843 1228 2850 .

114 2929 152 2980 se
174 2927 270 2988 csse,
293 2907 484 2997 pracsertim
506 2907 540 2974 iu
561 2907 649 2973 tertii
671 2907 790 2992 capitis
810 2906 920 2994 initio,
941 2905 1157 2992 profiteretur.

661 3194 699 3263 4
783 3187 785 3192 ,

350 3335 531 3407 Eurotae
550 3194 671 3404 attic
692 3331 958 3402 Hubucuct.

195 3506 339 3584 nonus,
361 3503 556 3592 exquibus,
579 3521 662 3590 quae
684 3501 727 3569 (le
747 3499 914 3567 Hubacuei
935 3497 1005 3566 vita
1026 3501 1123 3585 atque
1137 3515 1196 3564 oc-

111 3625 184 3686 tale
205 3620 291 3687 scire
313 3638 448 3687 avemus
470 3641 510 3689 ae
526 3641 708 3709 possumus,
730 3617 908 3686 haurienda
920 3621 1007 3694 sunt,
1027 3614 1089 3683 duo
1104 3622 1195 3684 suut:

113 3734 257 3819 primum,
278 3739 474 3824 traditio,
497 3758 560 3824 qua
581 3737 763 3815 edocemur,
784 3754 941 3823 quaenam
963 3739 1097 3800 veteres
1115 3741 1195 3800 tem·

182 3955 228 4013 18)
245 3955 344 4012 tumn
361 3965 389 4012 ln
407 3962 545 4022 llabac.1,
564 3961 588 4010 1.
622 3959 686 4036 opp.
706 3959 781 4009 Tam.
800 3959 846 4008 lll.
864 3973 890 4022 u.
908 3958 968 4010 bib.

181 4054 227 4116 ¹⁴)
245 4055 647 4127 Oltautacarpzovto,1ntrol.
664 4074 690 4123 p·
707 4061 767 4122 eut.
808 4113 812 4122 ,

179 4173 227 4234 ¹⁶)
245 4174 326 4231 Solii!
342 4179 467 4231 llabacuc
483 4183 556 4230 luter
581 4180 724 4242 prophetas
749 4189 817 4228 voce
841 4181 944 4228 musica
968 4151 1035 4236 3750
1054 4173 1193 4222 utlturln-

110 4285 160 4339 qua
178 4279 229 4341 tar,
246 4278 317 4341 quud
334 4279 401 4330 bena
418 4282 499 4347 urget
515 4279 662 4343 Eusebius,
685 4281 713 4329 ln
730 4279 749 4328 l.
767 4263 801 4328 de
826 4279 1043 4342 propheticorum
1063 4274 1192 4326 librorum

107 4361 335 4422 appellationibus
351 4367 391 4416 alc
408 4365 441 4416 te
464 4364 609 4416 flabacuco
631 4364 761 4427 loquens:
800 4355 998 4426 Ἀμβαιοῠμ.
1024 4357 1124 4425 Λῆμμα
1149 4357 1193 4407 καὶ

105 4439 186 4503 αὐτὸς
203 4443 271 4498 ictu·
297 4446 455 4517 προφητεύει
472 4447 590 4512 δεόμενος
605 4447 652 4511 μὲν
668 4445 729 4517 περὶ
744 4447 791 4514 τῆς
813 4440 926 4502 ἁλώσεως
947 4443 994 4510 τῆς
1015 4438 1192 4514 Ἰερουσαλὴμ,
