<?xml version="1.0" encoding="UTF-8"?>
<!DOCTYPE html PUBLIC "-//W3C//DTD XHTML 1.0 Transitional//EN"
    "http://www.w3.org/TR/xhtml1/DTD/xhtml1-transitional.dtd">
<html xmlns="http://www.w3.org/1999/xhtml" xml:lang="en" lang="en">
 <head>
  <title>
</title>
<meta http-equiv="Content-Type" content="text/html;charset=utf-8" />
  <meta name='ocr-system' content='tesseract 3.04.00' />
  <meta name='ocr-capabilities' content='ocr_page ocr_carea ocr_par ocr_line ocrx_word'/>
</head>
<body>
  <div class='ocr_page' id='page_1' title='image "./dehabacuciproph00deligoog_0043.png"; bbox 0 0 2884 5138; ppageno 0'>
   <div class='ocr_carea' id='block_1_1' title="bbox 640 375 947 456">
    <p class='ocr_par' dir='ltr' id='par_1_1' title="bbox 640 375 947 456">
     <span class='ocr_line' id='line_1_1' title="bbox 640 375 947 456; baseline -0.003 -18"><span class='ocrx_word' id='word_1_1' title='bbox 640 375 947 456; x_wconf 40' lang='lat' dir='ltr'><strong>...pem</strong></span> 
     </span>
    </p>
   </div>
   <div class='ocr_carea' id='block_1_2' title="bbox 250 625 1344 850">
    <p class='ocr_par' dir='ltr' id='par_1_2' title="bbox 250 625 1344 850">
     <span class='ocr_line' id='line_1_2' title="bbox 790 626 851 694; baseline 0.016 -1"><span class='ocrx_word' id='word_1_2' title='bbox 790 626 851 694; x_wconf 91' lang='grc'><strong>14.</strong></span> 
     </span>
     <span class='ocr_line' id='line_1_3' title="bbox 250 625 1344 850; baseline 0.004 -16"><span class='ocrx_word' id='word_1_3' title='bbox 250 759 488 836; x_wconf 71' lang='lat' dir='ltr'><strong>fluam</strong></span> <span class='ocrx_word' id='word_1_4' title='bbox 498 625 944 850; x_wconf 52' lang='lat' dir='ltr'><strong>&amp;carminando</strong></span> <span class='ocrx_word' id='word_1_5' title='bbox 961 761 1344 838; x_wconf 72' lang='lat' dir='ltr'><strong>waeouoteomaa</strong></span> 
     </span>
    </p>
   </div>
   <div class='ocr_carea' id='block_1_3' title="bbox 211 919 1348 3748">
    <p class='ocr_par' dir='ltr' id='par_1_3' title="bbox 211 919 1348 3748">
     <span class='ocr_line' id='line_1_4' title="bbox 334 919 1344 1022; baseline 0.003 -25"><span class='ocrx_word' id='word_1_6' title='bbox 334 919 568 999; x_wconf 86' lang='lat' dir='ltr'><strong>Additamenta</strong></span> <span class='ocrx_word' id='word_1_7' title='bbox 588 926 660 998; x_wconf 91' lang='lat' dir='ltr'><strong>libri</strong></span> <span class='ocrx_word' id='word_1_8' title='bbox 682 927 833 1000; x_wconf 80' lang='lat' dir='ltr'><strong>Danielis</strong></span> <span class='ocrx_word' id='word_1_9' title='bbox 854 933 1058 1022; x_wconf 86' lang='lat' dir='ltr'><strong>apocrypha,</strong></span> <span class='ocrx_word' id='word_1_10' title='bbox 1079 931 1344 1018; x_wconf 76' lang='lat' dir='ltr'><strong>quemadmodum</strong></span> 
     </span>
     <span class='ocr_line' id='line_1_5' title="bbox 249 1031 1344 1130; baseline 0.006 -16"><span class='ocrx_word' id='word_1_11' title='bbox 249 1048 283 1115; x_wconf 94' lang='lat' dir='ltr'><strong>in</strong></span> <span class='ocrx_word' id='word_1_12' title='bbox 306 1047 549 1130; x_wconf 74' lang='lat' dir='ltr'><strong>Alexandrina,</strong></span> <span class='ocrx_word' id='word_1_13' title='bbox 579 1039 628 1117; x_wconf 82' lang='lat' dir='ltr'><strong>sle</strong></span> <span class='ocrx_word' id='word_1_14' title='bbox 649 1041 747 1118; x_wconf 84' lang='lat' dir='ltr'><strong>etiam</strong></span> <span class='ocrx_word' id='word_1_15' title='bbox 768 1042 802 1117; x_wconf 92' lang='lat' dir='ltr'><strong>in</strong></span> <span class='ocrx_word' id='word_1_16' title='bbox 823 1045 1061 1118; x_wconf 84' lang='lat' dir='ltr'><strong>Theodotionis</strong></span> <span class='ocrx_word' id='word_1_17' title='bbox 1083 1050 1238 1118; x_wconf 76' lang='lat' dir='ltr'>versione</span> <span class='ocrx_word' id='word_1_18' title='bbox 1260 1031 1344 1121; x_wconf 87' lang='lat' dir='ltr'><strong>oon-</strong></span> 
     </span>
     <span class='ocr_line' id='line_1_6' title="bbox 250 1165 1345 1257; baseline 0.005 -24"><span class='ocrx_word' id='word_1_19' title='bbox 250 1166 411 1257; x_wconf 88' lang='lat' dir='ltr'><strong>tinentur‚</strong></span> <span class='ocrx_word' id='word_1_20' title='bbox 441 1182 480 1235; x_wconf 95' lang='lat' dir='ltr'><strong>eo</strong></span> <span class='ocrx_word' id='word_1_21' title='bbox 501 1165 634 1257; x_wconf 89' lang='lat' dir='ltr'><strong>ordine,</strong></span> <span class='ocrx_word' id='word_1_22' title='bbox 665 1175 701 1236; x_wconf 93' lang='lat' dir='ltr'><strong>ut</strong></span> <span class='ocrx_word' id='word_1_23' title='bbox 722 1168 816 1236; x_wconf 92' lang='lat' dir='ltr'><strong>modo</strong></span> <span class='ocrx_word' id='word_1_24' title='bbox 838 1175 907 1236; x_wconf 89' lang='lat' dir='ltr'><strong>tres</strong></span> <span class='ocrx_word' id='word_1_25' title='bbox 927 1168 1006 1236; x_wconf 90' lang='lat' dir='ltr'><strong>illae</strong></span> <span class='ocrx_word' id='word_1_26' title='bbox 1026 1167 1187 1236; x_wconf 77' lang='lat' dir='ltr'><strong>historiae</strong></span> <span class='ocrx_word' id='word_1_27' title='bbox 1208 1165 1251 1237; x_wconf 87' lang='lat' dir='ltr'><strong>de</strong></span> <span class='ocrx_word' id='word_1_28' title='bbox 1274 1167 1345 1238; x_wconf 79' lang='lat' dir='ltr'><strong>Su-</strong></span> 
     </span>
     <span class='ocr_line' id='line_1_7' title="bbox 250 1281 1344 1374; baseline 0.004 -22"><span class='ocrx_word' id='word_1_29' title='bbox 250 1301 373 1374; x_wconf 79' lang='lat' dir='ltr'><strong>sanna,</strong></span> <span class='ocrx_word' id='word_1_30' title='bbox 404 1281 487 1354; x_wconf 83' lang='lat' dir='ltr'><strong>Belo</strong></span> <span class='ocrx_word' id='word_1_31' title='bbox 510 1292 545 1353; x_wconf 89' lang='lat' dir='ltr'><strong>et</strong></span> <span class='ocrx_word' id='word_1_32' title='bbox 566 1281 722 1355; x_wconf 78' lang='lat' dir='ltr'><strong>Dracone</strong></span> <span class='ocrx_word' id='word_1_33' title='bbox 744 1281 914 1355; x_wconf 78' lang='lat' dir='ltr'><strong>duodecim</strong></span> <span class='ocrx_word' id='word_1_34' title='bbox 941 1283 1210 1356; x_wconf 89' lang='lat' dir='ltr'><strong>Danieliticarum</strong></span> <span class='ocrx_word' id='word_1_35' title='bbox 1237 1281 1344 1356; x_wconf 89' lang='lat' dir='ltr'><strong>visio-</strong></span> 
     </span>
     <span class='ocr_line' id='line_1_8' title="bbox 251 1395 1343 1498; baseline 0.005 -29"><span class='ocrx_word' id='word_1_36' title='bbox 251 1419 325 1470; x_wconf 89' lang='lat' dir='ltr'><strong>num</strong></span> <span class='ocrx_word' id='word_1_37' title='bbox 347 1397 508 1491; x_wconf 77' lang='lat' dir='ltr'><strong>capitibus</strong></span> <span class='ocrx_word' id='word_1_38' title='bbox 529 1402 741 1491; x_wconf 78' lang='lat' dir='ltr'><strong>subjlciantur</strong></span> <span class='ocrx_word' id='word_1_39' title='bbox 763 1399 866 1498; x_wconf 81' lang='lat' dir='ltr'><strong>(coa.</strong></span> <span class='ocrx_word' id='word_1_40' title='bbox 885 1399 976 1475; x_wconf 83' lang='lat' dir='ltr'><strong>ctis.</strong></span> <span class='ocrx_word' id='word_1_41' title='bbox 989 1395 1214 1498; x_wconf 79' lang='lat' dir='ltr'><strong>Ed.&#39;Comp.)‚</strong></span> <span class='ocrx_word' id='word_1_42' title='bbox 1236 1405 1343 1498; x_wconf 76' lang='lat' dir='ltr'><strong>modo,</strong></span> 
     </span>
     <span class='ocr_line' id='line_1_9' title="bbox 251 1519 1342 1623; baseline 0.005 -35"><span class='ocrx_word' id='word_1_43' title='bbox 251 1519 408 1623; x_wconf 76' lang='lat' dir='ltr'><strong>subjectis</strong></span> <span class='ocrx_word' id='word_1_44' title='bbox 430 1523 649 1592; x_wconf 86' lang='lat' dir='ltr'><strong>tantummodo</strong></span> <span class='ocrx_word' id='word_1_45' title='bbox 670 1523 795 1593; x_wconf 88' lang='lat' dir='ltr'><strong>duabus</strong></span> <span class='ocrx_word' id='word_1_46' title='bbox 817 1521 1069 1612; x_wconf 73' lang='lat' dir='ltr'><strong>posterioribus,</strong></span> <span class='ocrx_word' id='word_1_47' title='bbox 1098 1522 1254 1593; x_wconf 84' lang='lat' dir='ltr'><strong>Susanna</strong></span> <span class='ocrx_word' id='word_1_48' title='bbox 1283 1544 1342 1594; x_wconf 89' lang='lat' dir='ltr'><strong>ee-</strong></span> 
     </span>
     <span class='ocr_line' id='line_1_10' title="bbox 251 1635 1344 1736; baseline 0.003 -29"><span class='ocrx_word' id='word_1_49' title='bbox 251 1639 332 1708; x_wconf 88' lang='lat' dir='ltr'><strong>teris</strong></span> <span class='ocrx_word' id='word_1_50' title='bbox 354 1641 499 1709; x_wconf 88' lang='lat' dir='ltr'><strong>omnibns</strong></span> <span class='ocrx_word' id='word_1_51' title='bbox 522 1640 745 1730; x_wconf 87' lang='lat' dir='ltr'><strong>praemittatur</strong></span> <span class='ocrx_word' id='word_1_52' title='bbox 766 1639 873 1736; x_wconf 81' lang='lat' dir='ltr'><strong>[Cod.</strong></span> <span class='ocrx_word' id='word_1_53' title='bbox 888 1643 974 1720; x_wconf 58' lang='lat' dir='ltr'><strong>‚Vat</strong></span> <span class='ocrx_word' id='word_1_54' title='bbox 995 1635 1060 1711; x_wconf 73' lang='lat' dir='ltr'><strong>Ed.</strong></span> <span class='ocrx_word' id='word_1_55' title='bbox 1081 1639 1207 1736; x_wconf 81' lang='lat' dir='ltr'><strong>Rom).</strong></span> <span class='ocrx_word' id='word_1_56' title='bbox 1249 1637 1344 1712; x_wconf 79' lang='lat' dir='ltr'><strong>Con-</strong></span> 
     </span>
     <span class='ocr_line' id='line_1_11' title="bbox 250 1755 1343 1850; baseline 0.003 -25"><span class='ocrx_word' id='word_1_57' title='bbox 250 1763 320 1826; x_wconf 89' lang='lat' dir='ltr'><strong>stat</strong></span> <span class='ocrx_word' id='word_1_58' title='bbox 341 1772 432 1840; x_wconf 86' lang='lat' dir='ltr'><strong>vero,</strong></span> <span class='ocrx_word' id='word_1_59' title='bbox 455 1755 630 1829; x_wconf 88' lang='lat' dir='ltr'><strong>ecelesiam</strong></span> <span class='ocrx_word' id='word_1_60' title='bbox 646 1763 715 1846; x_wconf 88' lang='lat' dir='ltr'><strong>jam</strong></span> <span class='ocrx_word' id='word_1_61' title='bbox 737 1755 931 1850; x_wconf 88' lang='lat' dir='ltr'><strong>Hieronymi</strong></span> <span class='ocrx_word' id='word_1_62' title='bbox 952 1761 1151 1850; x_wconf 76' lang='lat' dir='ltr'><strong>temporibus</strong></span> <span class='ocrx_word' id='word_1_63' title='bbox 1172 1757 1343 1830; x_wconf 75' lang='lat' dir='ltr'><strong>Danielem</strong></span> 
     </span>
     <span class='ocr_line' id='line_1_12' title="bbox 250 1873 1341 1964; baseline 0.004 -22"><span class='ocrx_word' id='word_1_64' title='bbox 250 1875 378 1964; x_wconf 87' lang='lat' dir='ltr'><strong>publice</strong></span> <span class='ocrx_word' id='word_1_65' title='bbox 398 1873 510 1964; x_wconf 82' lang='lat' dir='ltr'><strong>legere</strong></span> <span class='ocrx_word' id='word_1_66' title='bbox 532 1881 747 1948; x_wconf 78' lang='lat' dir='ltr'><strong>consuevisse</strong></span> <span class='ocrx_word' id='word_1_67' title='bbox 769 1900 834 1948; x_wconf 91' lang='lat' dir='ltr'><strong>non</strong></span> <span class='ocrx_word' id='word_1_68' title='bbox 855 1879 1032 1948; x_wconf 89' lang='lat' dir='ltr'><strong>secundum</strong></span> <span class='ocrx_word' id='word_1_69' title='bbox 1053 1875 1159 1962; x_wconf 78' lang='lat' dir='ltr'>Lxx,</span> <span class='ocrx_word' id='word_1_70' title='bbox 1190 1881 1252 1948; x_wconf 88' lang='lat' dir='ltr'><strong>sed</strong></span> <span class='ocrx_word' id='word_1_71' title='bbox 1274 1901 1341 1949; x_wconf 90' lang='lat' dir='ltr'><strong>see.</strong></span> 
     </span>
     <span class='ocr_line' id='line_1_13' title="bbox 251 1991 1344 2090; baseline 0.006 -29"><span class='ocrx_word' id='word_1_72' title='bbox 251 1991 521 2083; x_wconf 65' lang='lat' dir='ltr'><strong>&#39;theodotionem</strong></span> <span class='ocrx_word' id='word_1_73' title='bbox 542 1997 629 2084; x_wconf 88' lang='lat' dir='ltr'><strong>qnod</strong></span> <span class='ocrx_word' id='word_1_74' title='bbox 650 1991 708 2065; x_wconf 88' lang='lat' dir='ltr'><strong>eur</strong></span> <span class='ocrx_word' id='word_1_75' title='bbox 729 1993 897 2090; x_wconf 79' lang='lat' dir='ltr'><strong>acciderit,</strong></span> <span class='ocrx_word' id='word_1_76' title='bbox 920 1996 1140 2085; x_wconf 80' lang='lat' dir='ltr'><strong>Hieronymus</strong></span> <span class='ocrx_word' id='word_1_77' title='bbox 1161 2015 1199 2066; x_wconf 88' lang='lat' dir='ltr'><strong>se</strong></span> <span class='ocrx_word' id='word_1_78' title='bbox 1213 1993 1344 2068; x_wconf 88' lang='lat' dir='ltr'><strong>nescire</strong></span> 
     </span>
     <span class='ocr_line' id='line_1_14' title="bbox 250 2094 1343 2206; baseline 0.005 -27"><span class='ocrx_word' id='word_1_79' title='bbox 250 2113 389 2204; x_wconf 73' lang='lat' dir='ltr'><strong>latetur3</strong></span> <span class='ocrx_word' id='word_1_80' title='bbox 409 2121 445 2182; x_wconf 84' lang='lat' dir='ltr'><strong>at</strong></span> <span class='ocrx_word' id='word_1_81' title='bbox 465 2094 668 2206; x_wconf 84' lang='lat' dir='ltr'><strong>suspicatur,</strong></span> <span class='ocrx_word' id='word_1_82' title='bbox 700 2109 939 2184; x_wconf 77' lang='lat' dir='ltr'><strong>theodotionis</strong></span> <span class='ocrx_word' id='word_1_83' title='bbox 960 2117 1147 2187; x_wconf 87' lang='lat' dir='ltr'><strong>versionem</strong></span> <span class='ocrx_word' id='word_1_84' title='bbox 1169 2125 1343 2206; x_wconf 87' lang='lat' dir='ltr'><strong>propterea</strong></span> 
     </span>
     <span class='ocr_line' id='line_1_15' title="bbox 251 2229 1345 2326; baseline 0.004 -26"><span class='ocrx_word' id='word_1_85' title='bbox 251 2229 414 2326; x_wconf 78' lang='lat' dir='ltr'><strong>ecciesiae</strong></span> <span class='ocrx_word' id='word_1_86' title='bbox 440 2229 693 2321; x_wconf 80' lang='lat' dir='ltr'><strong>praeferendam</strong></span> <span class='ocrx_word' id='word_1_87' title='bbox 719 2236 824 2303; x_wconf 92' lang='lat' dir='ltr'><strong>visam</strong></span> <span class='ocrx_word' id='word_1_88' title='bbox 853 2254 947 2317; x_wconf 89' lang='lat' dir='ltr'><strong>esse,</strong></span> <span class='ocrx_word' id='word_1_89' title='bbox 975 2235 1061 2324; x_wconf 87' lang='lat' dir='ltr'><strong>quod</strong></span> <span class='ocrx_word' id='word_1_90' title='bbox 1090 2248 1161 2302; x_wconf 92' lang='lat' dir='ltr'><strong>cum</strong></span> <span class='ocrx_word' id='word_1_91' title='bbox 1190 2232 1345 2304; x_wconf 87' lang='lat' dir='ltr'><strong>hebraica</strong></span> 
     </span>
     <span class='ocr_line' id='line_1_16' title="bbox 251 2347 1348 2445; baseline 0.002 -27"><span class='ocrx_word' id='word_1_92' title='bbox 251 2349 393 2418; x_wconf 87' lang='lat' dir='ltr'><strong>veritate</strong></span> <span class='ocrx_word' id='word_1_93' title='bbox 414 2351 519 2438; x_wconf 84' lang='lat' dir='ltr'><strong>magis</strong></span> <span class='ocrx_word' id='word_1_94' title='bbox 548 2348 833 2445; x_wconf 62' lang='lat' dir='ltr'><strong>conveniretfflj·</strong></span> <span class='ocrx_word' id='word_1_95' title='bbox 863 2347 910 2419; x_wconf 81' lang='lat' dir='ltr'><strong>At</strong></span> <span class='ocrx_word' id='word_1_96' title='bbox 939 2353 1037 2441; x_wconf 91' lang='lat' dir='ltr'><strong>plane</strong></span> <span class='ocrx_word' id='word_1_97' title='bbox 1064 2353 1256 2423; x_wconf 89' lang='lat' dir='ltr'><strong>incredibile</strong></span> <span class='ocrx_word' id='word_1_98' title='bbox 1282 2355 1348 2445; x_wconf 80' lang='lat' dir='ltr'><strong>est,</strong></span> 
     </span>
     <span class='ocr_line' id='line_1_17' title="bbox 252 2469 1344 2580; baseline 0 -46"><span class='ocrx_word' id='word_1_99' title='bbox 252 2469 426 2536; x_wconf 86' lang='lat' dir='ltr'><strong>eeclesiam</strong></span> <span class='ocrx_word' id='word_1_100' title='bbox 446 2471 639 2580; x_wconf 75' lang='lat' dir='ltr'><strong>versionem⁸</strong></span> <span class='ocrx_word' id='word_1_101' title='bbox 663 2471 1026 2562; x_wconf 82' lang='lat' dir='ltr'><strong>septuagintaviralem,</strong></span> <span class='ocrx_word' id='word_1_102' title='bbox 1058 2488 1142 2560; x_wconf 86' lang='lat' dir='ltr'><strong>quae</strong></span> <span class='ocrx_word' id='word_1_103' title='bbox 1169 2471 1204 2539; x_wconf 93' lang='lat' dir='ltr'><strong>in</strong></span> <span class='ocrx_word' id='word_1_104' title='bbox 1231 2473 1276 2537; x_wconf 87' lang='lat' dir='ltr'><strong>N.</strong></span> <span class='ocrx_word' id='word_1_105' title='bbox 1306 2473 1344 2538; x_wconf 80' lang='grc' dir='ltr'><strong>Τ.</strong></span> 
     </span>
     <span class='ocr_line' id='line_1_18' title="bbox 252 2583 1342 2678; baseline 0.002 -25"><span class='ocrx_word' id='word_1_106' title='bbox 252 2586 377 2654; x_wconf 85' lang='lat' dir='ltr'><strong>crebris</strong></span> <span class='ocrx_word' id='word_1_107' title='bbox 398 2589 481 2656; x_wconf 91' lang='lat' dir='ltr'><strong>locis</strong></span> <span class='ocrx_word' id='word_1_108' title='bbox 502 2587 673 2658; x_wconf 87' lang='lat' dir='ltr'><strong>adhibetur</strong></span> <span class='ocrx_word' id='word_1_109' title='bbox 695 2599 729 2659; x_wconf 90' lang='lat' dir='ltr'><strong>et</strong></span> <span class='ocrx_word' id='word_1_110' title='bbox 756 2611 818 2678; x_wconf 88' lang='lat' dir='ltr'><strong>qua</strong></span> <span class='ocrx_word' id='word_1_111' title='bbox 846 2583 1005 2658; x_wconf 88' lang='lat' dir='ltr'><strong>haetenus</strong></span> <span class='ocrx_word' id='word_1_112' title='bbox 1032 2609 1093 2657; x_wconf 90' lang='lat' dir='ltr'><strong>usa</strong></span> <span class='ocrx_word' id='word_1_113' title='bbox 1120 2594 1207 2670; x_wconf 88' lang='lat' dir='ltr'><strong>erat,</strong></span> <span class='ocrx_word' id='word_1_114' title='bbox 1234 2595 1271 2655; x_wconf 91' lang='lat' dir='ltr'><strong>ut</strong></span> <span class='ocrx_word' id='word_1_115' title='bbox 1296 2609 1342 2656; x_wconf 84' lang='lat' dir='ltr'><strong>ex</strong></span> 
     </span>
     <span class='ocr_line' id='line_1_19' title="bbox 252 2701 1341 2802; baseline -0.003 -24"><span class='ocrx_word' id='word_1_116' title='bbox 252 2704 372 2792; x_wconf 83' lang='lat' dir='ltr'><strong>Ignatii</strong></span> <span class='ocrx_word' id='word_1_117' title='bbox 394 2705 438 2800; x_wconf 82' lang='lat' dir='ltr'><strong>[l.</strong></span> <span class='ocrx_word' id='word_1_118' title='bbox 461 2703 508 2802; x_wconf 79' lang='lat' dir='ltr'><strong>l.)</strong></span> <span class='ocrx_word' id='word_1_119' title='bbox 528 2714 564 2776; x_wconf 90' lang='lat' dir='ltr'><strong>et</strong></span> <span class='ocrx_word' id='word_1_120' title='bbox 584 2701 952 2801; x_wconf 75' lang='lat' dir='ltr'><strong>Justini&#39;llartyrts⁶⁵)</strong></span> <span class='ocrx_word' id='word_1_121' title='bbox 973 2708 1167 2776; x_wconf 89' lang='lat' dir='ltr'><strong>testimoniis</strong></span> <span class='ocrx_word' id='word_1_122' title='bbox 1188 2707 1265 2775; x_wconf 89' lang='lat' dir='ltr'><strong>inde</strong></span> <span class='ocrx_word' id='word_1_123' title='bbox 1278 2726 1341 2794; x_wconf 90' lang='lat' dir='ltr'><strong>pe·</strong></span> 
     </span>
     <span class='ocr_line' id='line_1_20' title="bbox 253 2811 1343 2914; baseline 0.001 -24"><span class='ocrx_word' id='word_1_124' title='bbox 253 2825 323 2891; x_wconf 83' lang='lat' dir='ltr'><strong>tilis</strong></span> <span class='ocrx_word' id='word_1_125' title='bbox 345 2831 499 2914; x_wconf 90' lang='lat' dir='ltr'><strong>apparet,</strong></span> <span class='ocrx_word' id='word_1_126' title='bbox 520 2811 556 2893; x_wconf 85' lang='lat' dir='ltr'><strong>ut</strong></span> <span class='ocrx_word' id='word_1_127' title='bbox 576 2815 771 2895; x_wconf 84' lang='lat' dir='ltr'><strong>hebraico</strong></span> <span class='ocrx_word' id='word_1_128' title='bbox 794 2827 899 2895; x_wconf 86' lang='lat' dir='ltr'><strong>textui</strong></span> <span class='ocrx_word' id='word_1_129' title='bbox 920 2829 1024 2894; x_wconf 87' lang='lat' dir='ltr'><strong>minus</strong></span> <span class='ocrx_word' id='word_1_130' title='bbox 1045 2839 1219 2913; x_wconf 84' lang='lat' dir='ltr'><strong>congruam</strong></span> <span class='ocrx_word' id='word_1_131' title='bbox 1246 2841 1343 2912; x_wconf 88' lang='lat' dir='ltr'><strong>repu-</strong></span> 
     </span>
     <span class='ocr_line' id='line_1_21' title="bbox 211 2933 1348 3042; baseline -0.001 -33"><span class='ocrx_word' id='word_1_132' title='bbox 211 2933 212 2936; x_wconf 65' lang='grc'>’</span> <span class='ocrx_word' id='word_1_133' title='bbox 252 2943 366 3042; x_wconf 81' lang='lat' dir='ltr'><strong>diasse</strong></span> <span class='ocrx_word' id='word_1_134' title='bbox 388 2947 484 3033; x_wconf 85' lang='lat' dir='ltr'><strong>eique</strong></span> <span class='ocrx_word' id='word_1_135' title='bbox 505 2945 692 3014; x_wconf 86' lang='lat' dir='ltr'><strong>versionem</strong></span> <span class='ocrx_word' id='word_1_136' title='bbox 713 2943 849 3026; x_wconf 75' lang='lat' dir='ltr'><strong>ludaei,</strong></span> <span class='ocrx_word' id='word_1_137' title='bbox 877 2948 930 3034; x_wconf 89' lang='lat' dir='ltr'><strong>qui</strong></span> <span class='ocrx_word' id='word_1_138' title='bbox 952 2946 1083 3034; x_wconf 86' lang='lat' dir='ltr'><strong>„utique</strong></span> <span class='ocrx_word' id='word_1_139' title='bbox 1111 2951 1187 3033; x_wconf 88' lang='lat' dir='ltr'><strong>post</strong></span> <span class='ocrx_word' id='word_1_140' title='bbox 1213 2937 1348 3010; x_wconf 87' lang='lat' dir='ltr'><strong>adven-</strong></span> 
     </span>
     <span class='ocr_line' id='line_1_22' title="bbox 254 3040 1346 3152; baseline -0.001 -24"><span class='ocrx_word' id='word_1_141' title='bbox 254 3069 320 3128; x_wconf 80' lang='lat' dir='ltr'><strong>um</strong></span> <span class='ocrx_word' id='word_1_142' title='bbox 348 3057 688 3134; x_wconf 71' lang='lat' dir='ltr'><strong>consuranorum</strong></span> <span class='ocrx_word' id='word_1_143' title='bbox 717 3063 816 3147; x_wconf 83' lang='lat' dir='ltr'><strong>lult“,</strong></span> <span class='ocrx_word' id='word_1_144' title='bbox 849 3059 904 3152; x_wconf 80' lang='lat' dir='ltr'><strong>qu</strong></span> <span class='ocrx_word' id='word_1_145' title='bbox 929 3040 1221 3141; x_wconf 70' lang='lat' dir='ltr'><strong>bononianos,</strong></span> <span class='ocrx_word' id='word_1_146' title='bbox 1250 3061 1346 3128; x_wconf 82' lang='lat' dir='ltr'><strong>mono</strong></span> 
     </span>
     <span class='ocr_line' id='line_1_23' title="bbox 253 3161 1346 3268; baseline 0 -22"><span class='ocrx_word' id='word_1_147' title='bbox 253 3161 446 3249; x_wconf 83' lang='lat' dir='ltr'><strong>Marcionita</strong></span> <span class='ocrx_word' id='word_1_148' title='bbox 474 3177 657 3251; x_wconf 81' lang='lat' dir='ltr'><strong>nominatur</strong></span> <span class='ocrx_word' id='word_1_149' title='bbox 682 3190 718 3250; x_wconf 88' lang='lat' dir='ltr'><strong>et</strong></span> <span class='ocrx_word' id='word_1_150' title='bbox 740 3186 809 3268; x_wconf 88' lang='lat' dir='ltr'><strong>jam</strong></span> <span class='ocrx_word' id='word_1_151' title='bbox 837 3183 879 3252; x_wconf 90' lang='lat' dir='ltr'><strong>ab</strong></span> <span class='ocrx_word' id='word_1_152' title='bbox 907 3177 1043 3250; x_wconf 86' lang='lat' dir='ltr'><strong>irenaeo</strong></span> <span class='ocrx_word' id='word_1_153' title='bbox 1073 3183 1160 3250; x_wconf 89' lang='lat' dir='ltr'><strong>inter</strong></span> <span class='ocrx_word' id='word_1_154' title='bbox 1186 3175 1346 3248; x_wconf 83' lang='lat' dir='ltr'><strong>audacter</strong></span> 
     </span>
     <span class='ocr_line' id='line_1_24' title="bbox 252 3295 1343 3392; baseline -0.001 -25"><span class='ocrx_word' id='word_1_155' title='bbox 252 3297 551 3388; x_wconf 64' lang='lat' dir='ltr'><strong>petrobrusianos</strong></span> <span class='ocrx_word' id='word_1_156' title='bbox 564 3295 621 3392; x_wconf 79' lang='lat'><strong>⁰⁶)</strong></span> <span class='ocrx_word' id='word_1_157' title='bbox 653 3298 810 3389; x_wconf 81' lang='lat' dir='ltr'><strong>retertur,</strong></span> <span class='ocrx_word' id='word_1_158' title='bbox 844 3308 934 3369; x_wconf 89' lang='lat' dir='ltr'><strong>certo</strong></span> <span class='ocrx_word' id='word_1_159' title='bbox 969 3301 1104 3368; x_wconf 89' lang='lat' dir='ltr'><strong>consilio</strong></span> <span class='ocrx_word' id='word_1_160' title='bbox 1135 3300 1343 3388; x_wconf 79' lang='lat' dir='ltr'><strong>praetulisse.</strong></span> 
     </span>
     <span class='ocr_line' id='line_1_25' title="bbox 255 3411 1344 3511; baseline -0.001 -27"><span class='ocrx_word' id='word_1_161' title='bbox 255 3413 462 3505; x_wconf 79' lang='lat' dir='ltr'><strong>Quapropter</strong></span> <span class='ocrx_word' id='word_1_162' title='bbox 483 3435 544 3504; x_wconf 86' lang='lat' dir='ltr'><strong>ego</strong></span> <span class='ocrx_word' id='word_1_163' title='bbox 566 3414 694 3511; x_wconf 80' lang='lat' dir='ltr'><strong>[donec</strong></span> <span class='ocrx_word' id='word_1_164' title='bbox 715 3421 922 3508; x_wconf 89' lang='lat' dir='ltr'><strong>proferantur</strong></span> <span class='ocrx_word' id='word_1_165' title='bbox 949 3424 1139 3508; x_wconf 85' lang='lat' dir='ltr'><strong>argumenta</strong></span> <span class='ocrx_word' id='word_1_166' title='bbox 1165 3411 1344 3509; x_wconf 83' lang='lat' dir='ltr'><strong>contrarii)</strong></span> 
     </span>
     <span class='ocr_line' id='line_1_26' title="bbox 255 3529 1345 3624; baseline -0.003 -20"><span class='ocrx_word' id='word_1_167' title='bbox 255 3531 442 3604; x_wconf 85' lang='lat' dir='ltr'><strong>versionem</strong></span> <span class='ocrx_word' id='word_1_168' title='bbox 462 3532 613 3604; x_wconf 88' lang='lat' dir='ltr'><strong>Danielis</strong></span> <span class='ocrx_word' id='word_1_169' title='bbox 636 3529 948 3606; x_wconf 66' lang='lat' dir='ltr'><strong>&#39;l‘beodolionianam</strong></span> <span class='ocrx_word' id='word_1_170' title='bbox 962 3533 1003 3605; x_wconf 86' lang='lat' dir='ltr'><strong>ab</strong></span> <span class='ocrx_word' id='word_1_171' title='bbox 1020 3533 1239 3605; x_wconf 81' lang='lat' dir='ltr'><strong>ecclesianam</strong></span> <span class='ocrx_word' id='word_1_172' title='bbox 1253 3533 1345 3624; x_wconf 88' lang='lat' dir='ltr'><strong>prius</strong></span> 
     </span>
     <span class='ocr_line' id='line_1_27' title="bbox 255 3648 1346 3748; baseline -0.001 -26"><span class='ocrx_word' id='word_1_173' title='bbox 255 3651 440 3742; x_wconf 87' lang='lat' dir='ltr'><strong>adoptatam</strong></span> <span class='ocrx_word' id='word_1_174' title='bbox 462 3674 540 3725; x_wconf 90' lang='lat' dir='ltr'><strong>esse</strong></span> <span class='ocrx_word' id='word_1_175' title='bbox 562 3674 699 3748; x_wconf 85' lang='lat' dir='ltr'><strong>censeo,</strong></span> <span class='ocrx_word' id='word_1_176' title='bbox 720 3673 815 3744; x_wconf 88' lang='lat' dir='ltr'><strong>quam</strong></span> <span class='ocrx_word' id='word_1_177' title='bbox 837 3655 879 3725; x_wconf 89' lang='lat' dir='ltr'><strong>ab</strong></span> <span class='ocrx_word' id='word_1_178' title='bbox 901 3653 1036 3743; x_wconf 80' lang='lat' dir='ltr'><strong>Origine</strong></span> <span class='ocrx_word' id='word_1_179' title='bbox 1058 3663 1211 3744; x_wconf 89' lang='lat' dir='ltr'><strong>tanquam</strong></span> <span class='ocrx_word' id='word_1_180' title='bbox 1241 3648 1346 3723; x_wconf 83' lang='lat' dir='ltr'><strong>casii-</strong></span> 
     </span>
    </p>
   </div>
   <div class='ocr_carea' id='block_1_4' title="bbox 255 3860 1346 4182">
    <p class='ocr_par' dir='ltr' id='par_1_4' title="bbox 255 3860 1346 4182">
     <span class='ocr_line' id='line_1_28' title="bbox 322 3860 1345 3928; baseline 0.002 -16"><span class='ocrx_word' id='word_1_181' title='bbox 322 3860 369 3922; x_wconf 81' lang='lat' dir='ltr'><strong>lltJ</strong></span> <span class='ocrx_word' id='word_1_182' title='bbox 383 3863 464 3926; x_wconf 72' lang='lat' dir='ltr'><strong>„llos</strong></span> <span class='ocrx_word' id='word_1_183' title='bbox 480 3873 562 3916; x_wconf 85' lang='lat' dir='ltr'><strong>unum</strong></span> <span class='ocrx_word' id='word_1_184' title='bbox 578 3865 714 3920; x_wconf 71' lang='lat' dir='ltr'><strong>affirmem</strong></span> <span class='ocrx_word' id='word_1_185' title='bbox 729 3875 849 3928; x_wconf 70' lang='lat' dir='ltr'><strong>potum,</strong></span> <span class='ocrx_word' id='word_1_186' title='bbox 865 3864 937 3928; x_wconf 79' lang='lat' dir='ltr'><strong>quod</strong></span> <span class='ocrx_word' id='word_1_187' title='bbox 953 3865 1065 3914; x_wconf 77' lang='lat' dir='ltr'><strong>molarum</strong></span> <span class='ocrx_word' id='word_1_188' title='bbox 1082 3874 1099 3912; x_wconf 84' lang='lat' dir='ltr'><strong>a</strong></span> <span class='ocrx_word' id='word_1_189' title='bbox 1116 3863 1345 3915; x_wconf 80' lang='lat' dir='ltr'><strong>veritatedtsore·</strong></span> 
     </span>
     <span class='ocr_line' id='line_1_29' title="bbox 255 3942 1345 4014; baseline -0.006 -14"><span class='ocrx_word' id='word_1_190' title='bbox 255 3953 301 4012; x_wconf 88' lang='lat' dir='ltr'><strong>pet</strong></span> <span class='ocrx_word' id='word_1_191' title='bbox 317 3947 427 4012; x_wconf 84' lang='lat' dir='ltr'><strong>(Daniel</strong></span> <span class='ocrx_word' id='word_1_192' title='bbox 439 3947 520 4014; x_wconf 86' lang='lat' dir='ltr'><strong>juxta</strong></span> <span class='ocrx_word' id='word_1_193' title='bbox 537 3951 612 3999; x_wconf 76' lang='lat' dir='ltr'><strong>Lxx</strong></span> <span class='ocrx_word' id='word_1_194' title='bbox 630 3947 806 4012; x_wconf 80' lang='lat' dir='ltr'><strong>interpretes)</strong></span> <span class='ocrx_word' id='word_1_195' title='bbox 824 3951 852 3998; x_wconf 92' lang='lat' dir='ltr'><strong>et</strong></span> <span class='ocrx_word' id='word_1_196' title='bbox 867 3953 943 3999; x_wconf 85' lang='lat' dir='ltr'><strong>recto</strong></span> <span class='ocrx_word' id='word_1_197' title='bbox 961 3942 1068 4010; x_wconf 89' lang='lat' dir='ltr'><strong>jndlolo</strong></span> <span class='ocrx_word' id='word_1_198' title='bbox 1095 3946 1167 3995; x_wconf 86' lang='lat' dir='ltr'><strong>llber</strong></span> <span class='ocrx_word' id='word_1_199' title='bbox 1190 3947 1345 4007; x_wconf 81' lang='lat' dir='ltr'><strong>repudiat-us</strong></span> 
     </span>
     <span class='ocr_line' id='line_1_30' title="bbox 255 4028 1346 4096; baseline -0.004 -14"><span class='ocrx_word' id='word_1_200' title='bbox 255 4029 319 4083; x_wconf 82' lang='lat' dir='ltr'><strong>slt.“</strong></span> <span class='ocrx_word' id='word_1_201' title='bbox 337 4034 600 4085; x_wconf 70' lang='lat' dir='ltr'><strong>arcionensem</strong></span> <span class='ocrx_word' id='word_1_202' title='bbox 618 4033 686 4082; x_wconf 84' lang='lat' dir='ltr'><strong>Dan.</strong></span> <span class='ocrx_word' id='word_1_203' title='bbox 704 4032 805 4083; x_wconf 87' lang='lat' dir='ltr'><strong>comm.</strong></span> <span class='ocrx_word' id='word_1_204' title='bbox 823 4035 851 4082; x_wconf 91' lang='lat' dir='ltr'><strong>in</strong></span> <span class='ocrx_word' id='word_1_205' title='bbox 870 4034 937 4084; x_wconf 83' lang='lat' dir='ltr'><strong>Dan.</strong></span> <span class='ocrx_word' id='word_1_206' title='bbox 955 4030 987 4096; x_wconf 77' lang='lat' dir='ltr'><strong>d,</strong></span> <span class='ocrx_word' id='word_1_207' title='bbox 1003 4031 1030 4080; x_wconf 87' lang='lat' dir='ltr'><strong>ll.</strong></span> <span class='ocrx_word' id='word_1_208' title='bbox 1047 4030 1082 4080; x_wconf 81' lang='lat' dir='ltr'><strong>V.</strong></span> <span class='ocrx_word' id='word_1_209' title='bbox 1100 4028 1232 4093; x_wconf 78' lang='lat' dir='ltr'><strong>carpzov.</strong></span> <span class='ocrx_word' id='word_1_210' title='bbox 1243 4028 1346 4080; x_wconf 84' lang='lat' dir='ltr'><strong>crltloa</strong></span> 
     </span>
     <span class='ocr_line' id='line_1_31' title="bbox 255 4114 1164 4182; baseline -0.006 -13"><span class='ocrx_word' id='word_1_211' title='bbox 255 4121 342 4170; x_wconf 76' lang='lat' dir='ltr'><strong>sacra</strong></span> <span class='ocrx_word' id='word_1_212' title='bbox 357 4132 384 4182; x_wconf 85' lang='lat' dir='ltr'><strong>p.</strong></span> <span class='ocrx_word' id='word_1_213' title='bbox 402 4121 454 4170; x_wconf 79' lang='lat' dir='ltr'><strong>aet</strong></span> <span class='ocrx_word' id='word_1_214' title='bbox 470 4131 492 4168; x_wconf 81' lang='grc' dir='ltr'><strong>ι.</strong></span> <span class='ocrx_word' id='word_1_215' title='bbox 511 4120 541 4168; x_wconf 89' lang='lat' dir='ltr'><strong>et</strong></span> <span class='ocrx_word' id='word_1_216' title='bbox 556 4117 743 4167; x_wconf 82' lang='lat' dir='ltr'><strong>Montlanoon.</strong></span> <span class='ocrx_word' id='word_1_217' title='bbox 761 4118 966 4170; x_wconf 79' lang='lat' dir='ltr'><strong>Prseamlnurla</strong></span> <span class='ocrx_word' id='word_1_218' title='bbox 983 4114 1017 4168; x_wconf 83' lang='lat' dir='ltr'><strong>ad</strong></span> <span class='ocrx_word' id='word_1_219' title='bbox 1034 4115 1164 4176; x_wconf 72' lang='lat' dir='ltr'><strong>llenpla</strong></span> 
     </span>
    </p>
   </div>
   <div class='ocr_carea' id='block_1_5' title="bbox 255 4211 1347 4551">
    <p class='ocr_par' dir='ltr' id='par_1_5' title="bbox 255 4211 1347 4454">
     <span class='ocr_line' id='line_1_32' title="bbox 321 4211 1345 4284; baseline -0.008 -13"><span class='ocrx_word' id='word_1_220' title='bbox 321 4223 371 4280; x_wconf 78' lang='lat' dir='ltr'><strong>aa)</strong></span> <span class='ocrx_word' id='word_1_221' title='bbox 388 4219 558 4284; x_wconf 73' lang='lat' dir='ltr'><strong>Hiverniok,</strong></span> <span class='ocrx_word' id='word_1_222' title='bbox 583 4216 678 4268; x_wconf 83' lang='lat' dir='ltr'><strong>Daniel</strong></span> <span class='ocrx_word' id='word_1_223' title='bbox 696 4218 814 4280; x_wconf 71' lang='lat' dir='ltr'><strong>1».va</strong></span> <span class='ocrx_word' id='word_1_224' title='bbox 830 4233 867 4270; x_wconf 83' lang='lat' dir='ltr'><strong>ss.</strong></span> <span class='ocrx_word' id='word_1_225' title='bbox 886 4220 922 4270; x_wconf 84' lang='lat' dir='ltr'><strong>cl.</strong></span> <span class='ocrx_word' id='word_1_226' title='bbox 939 4217 1099 4280; x_wconf 77' lang='lat' dir='ltr'><strong>Dlnleitung</strong></span> <span class='ocrx_word' id='word_1_227' title='bbox 1115 4214 1144 4279; x_wconf 88' lang='grc' dir='ltr'><strong>Ι,</strong></span> <span class='ocrx_word' id='word_1_228' title='bbox 1159 4213 1186 4262; x_wconf 77' lang='lat'><strong>2.</strong></span> <span class='ocrx_word' id='word_1_229' title='bbox 1213 4226 1238 4274; x_wconf 79' lang='lat' dir='ltr'><strong>p.</strong></span> <span class='ocrx_word' id='word_1_230' title='bbox 1255 4211 1292 4264; x_wconf 76' lang='grc'><strong>47</strong></span> <span class='ocrx_word' id='word_1_231' title='bbox 1308 4227 1345 4263; x_wconf 84' lang='lat' dir='ltr'><strong>ss.</strong></span> 
     </span>
     <span class='ocr_line' id='line_1_33' title="bbox 255 4297 1347 4371; baseline -0.007 -17"><span class='ocrx_word' id='word_1_232' title='bbox 255 4304 364 4371; x_wconf 74' lang='lat' dir='ltr'><strong>(poribus</strong></span> <span class='ocrx_word' id='word_1_233' title='bbox 380 4305 541 4353; x_wconf 83' lang='lat' dir='ltr'><strong>sententiam</strong></span> <span class='ocrx_word' id='word_1_234' title='bbox 559 4313 646 4350; x_wconf 87' lang='lat' dir='ltr'><strong>meam</strong></span> <span class='ocrx_word' id='word_1_235' title='bbox 663 4299 696 4350; x_wconf 89' lang='lat' dir='ltr'><strong>de</strong></span> <span class='ocrx_word' id='word_1_236' title='bbox 713 4302 907 4355; x_wconf 76' lang='lat' dir='ltr'><strong>&#39;l&#39;beodotlonla</strong></span> <span class='ocrx_word' id='word_1_237' title='bbox 922 4304 949 4351; x_wconf 88' lang='lat' dir='ltr'><strong>in</strong></span> <span class='ocrx_word' id='word_1_238' title='bbox 973 4301 1092 4352; x_wconf 84' lang='lat' dir='ltr'><strong>eeclesia</strong></span> <span class='ocrx_word' id='word_1_239' title='bbox 1118 4311 1168 4348; x_wconf 88' lang='lat' dir='ltr'><strong>usu</strong></span> <span class='ocrx_word' id='word_1_240' title='bbox 1190 4297 1347 4348; x_wconf 85' lang='lat' dir='ltr'><strong>conlirmarl</strong></span> 
     </span>
     <span class='ocr_line' id='line_1_34' title="bbox 256 4382 632 4454; baseline -0.013 -16"><span class='ocrx_word' id='word_1_241' title='bbox 256 4392 373 4454; x_wconf 87' lang='lat' dir='ltr'><strong>impense</strong></span> <span class='ocrx_word' id='word_1_242' title='bbox 390 4389 505 4450; x_wconf 76' lang='lat' dir='ltr'><strong>betptius</strong></span> <span class='ocrx_word' id='word_1_243' title='bbox 521 4382 603 4449; x_wconf 80' lang='lat' dir='ltr'><strong>surm).</strong></span> <span class='ocrx_word' id='word_1_244' title='bbox 629 4395 632 4403; x_wconf 90' lang='lat'>·</span> 
     </span>
    </p>

    <p class='ocr_par' dir='ltr' id='par_1_6' title="bbox 323 4487 730 4551">
     <span class='ocr_line' id='line_1_35' title="bbox 323 4487 730 4551; baseline -0.007 -12"><span class='ocrx_word' id='word_1_245' title='bbox 323 4491 370 4549; x_wconf 78' lang='lat' dir='ltr'><strong>eo)</strong></span> <span class='ocrx_word' id='word_1_246' title='bbox 387 4489 455 4538; x_wconf 80' lang='lat' dir='ltr'><strong>Ado.</strong></span> <span class='ocrx_word' id='word_1_247' title='bbox 474 4489 608 4538; x_wconf 83' lang='lat' dir='ltr'><strong>llaereses</strong></span> <span class='ocrx_word' id='word_1_248' title='bbox 625 4487 671 4551; x_wconf 92' lang='grc' dir='ltr'>ΙΙΙ,</span> <span class='ocrx_word' id='word_1_249' title='bbox 688 4487 730 4538; x_wconf 66' lang='lat' dir='ltr'><strong>at.</strong></span> 
     </span>
    </p>
   </div>
   <div class='ocr_carea' id='block_1_6' title="bbox 1425 3679 1428 3796">
    <p class='ocr_par' dir='ltr' id='par_1_7' title="bbox 1425 3655 1428 3796">
     <span class='ocr_line' id='line_1_36' title="bbox 1425 3679 1428 3796; baseline 0 0"><span class='ocrx_word' id='word_1_250' title='bbox 1425 3679 1428 3796; x_wconf 87' lang='lat' dir='ltr'><strong>l</strong></span> 
     </span>
    </p>
   </div>
   <div class='ocr_carea' id='block_1_7' title="bbox 0 0 1449 5138">
    <p class='ocr_par' dir='ltr' id='par_1_8' title="bbox 0 0 1449 5138">
     <span class='ocr_line' id='line_1_37' title="bbox 0 0 1449 5138; baseline 0 0"><span class='ocrx_word' id='word_1_251' title='bbox 0 0 1449 5138; x_wconf 95' lang='lat' dir='ltr'><strong> </strong></span> 
     </span>
    </p>
   </div>
  </div>
 </body>
</html>
