2884 5138
657 353 963 426 ...40-

534 533 627 586 Pieriis
642 531 725 600 (sicut
740 530 813 602 erat)
829 543 940 598 mrem
957 532 1084 586 canutus

535 637 700 698 suspensum
716 635 787 700 rapit
804 636 832 684 et
848 635 923 686 vehit
938 645 989 698 per
1004 645 1093 686 auras.
1161 686 1164 696 ,

535 821 603 872 idum
620 826 713 886 raptus
729 821 809 872 simui
825 822 884 885 ipse
900 817 1090 883 prandiumque

533 925 640 974 sensim
656 923 758 976 labitur
774 925 802 974 iu
817 921 908 973 iseum
925 923 1043 986 ieonum,

534 1025 571 1076 iic
581 1037 652 1089 quas
670 1029 735 1076 tune
751 1023 843 1088 epulas
860 1023 982 1092 ganamt,
999 1021 1088 1074 onera

444 1275 447 1280 Δ
534 1211 632 1262 sumas
646 1211 744 1275 iaetus,
761 1211 808 1274 ait,
825 1209 964 1273 libensque
982 1218 1080 1272 carpas

533 1313 610 1372 Quae
622 1325 739 1362 summus
750 1311 831 1362 Pater
841 1311 1007 1372 angelusque
1022 1307 1123 1361 christi

531 1413 641 1463 Mittunt
657 1413 713 1464 liha
730 1413 778 1464 tihi
795 1412 845 1463 suh
860 1413 912 1462 hoc
923 1407 1083 1477 petroiolo)

345 1595 396 1663 st
416 1594 594 1664 auctoritas
615 1594 729 1662 horum
749 1594 1005 1681 apocryphorum
1026 1609 1117 1662 mere
1143 1590 1357 1662 historica

264 1711 320 1780 vel
340 1711 384 1780 ad
404 1731 580 1800 summurn,
605 1713 678 1800 quia
700 1711 843 1780 ecclesia
864 1729 906 1778 ea
928 1717 963 1777 ut
983 1707 1196 1798 appendicem
1218 1712 1355 1780 canoni-

263 1849 372 1898 corum
389 1837 590 1918 receperat,
627 1829 1007 1900 deuterocauooica
1035 1846 1115 1898 cese
1147 1829 1355 1919 pensabatur,

263 1947 392 2016 minime
413 1947 534 2016 divina
577 1948 631 2016 lle
651 1951 725 2018 lacu
746 1949 872 2026 iterum,
893 1947 997 2035 inquit
1017 1954 1131 2016 auctor
1152 1948 1175 2014 1.
1201 1948 1355 2017 demira-

263 2064 379 2135 hiiihus
410 2064 622 2155 Scripturas,
662 2073 697 2136 ct
727 2067 861 2136 Abacuc
890 2067 1050 2134 translatu
1077 2065 1172 2134 liciis
1198 2079 1234 2135 et
1261 2065 1354 2136 lira·

264 2184 357 2252 conis
378 2184 483 2255 tabula
505 2185 624 2256 idcirco
646 2187 680 2252 in
702 2186 766 2252 hoc
785 2183 899 2252 urdine
929 2203 992 2252 non
1020 2185 1170 2271 ponitur,
1203 2184 1286 2274 quod
1314 2186 1354 2254 in

262 2304 522 2372 auctoritate
544 2304 718 2373 divinae
740 2303 987 2391 scripturae
1009 2321 1083 2370 non
1105 2299 1352 2396 haheturss)

265 2418 390 2490 Contra
423 2421 587 2489 «Iulium
612 2422 872 2509 Africanum
899 2421 950 2502 (in
978 2441 1030 2511 ep.
1054 2421 1096 2490 de
1124 2421 1281 2491 Susanna
1309 2422 1352 2490 ad
1430 2505 1431 2508 Ἴ

264 2535 457 2625 Origenem)
479 2559 550 2608 cum
572 2539 670 2608 etiarn
686 2541 871 2608 historicam
886 2539 1170 2608 additamentornm
1184 2538 1353 2604 danieliti-

263 2677 372 2724 eorum
393 2656 488 2725 iidem
510 2660 713 2747 impugnaret
733 2663 833 2745 atque
855 2677 895 2725 eo
918 2679 1020 2748 osque
1033 2657 1290 2746 progrederetur,
1312 2663 1349 2722 ut

263 2794 398 2844 cacum
425 2777 700 2845 Philistionis
729 2777 859 2844 mimis
888 2783 1112 2865 compararet,
1142 2771 1349 2860 Oriqcucs

261 2892 342 2960 nihii
372 2895 509 2982 amplius
538 2893 693 2963 evincere
721 2901 858 2962 conatus
888 2901 955 2973 est,
984 2914 1076 2984 qoam
1108 2893 1168 2959 has
1196 2889 1352 2958 historias

262 3029 364 3078 veras
385 3010 638 3100 judaicaeque
660 3011 885 3081 traditioni
906 3004 1223 3106 convenientcs¹²],
1253 3008 1354 3076 utiles

263 3147 303 3197 ac
324 3136 518 3218 propterea,
546 3131 632 3218 quod
654 3131 686 3198 in
708 3151 832 3200 canone
861 3132 1012 3202 hebraico
1039 3151 1104 3201 ιιοιι
1133 3127 1352 3216 reperiuntur,

264 3247 393 3315 omnino
415 3268 479 3315 non
501 3248 717 3338 rejiciendas,
746 3249 808 3316 sed
830 3269 895 3320 non
916 3227 990 3316 sine
1010 3249 1123 3318 divina
1145 3245 1354 3336 providentia

260 3363 355 3431 libris
377 3366 482 3432 sacris
511 3365 659 3451 adjectus
686 3368 912 3456 ecclesiaeque
938 3386 1101 3436 consensu
1126 3364 1354 3452 comprobatas

327 3619 373 3682 1⁰)
392 3619 434 3673 ci.
451 3621 583 3673 Alcimi
605 3621 709 3676 Auiti
725 3622 773 3690 (m.
790 3623 852 3692 aaa)
869 3627 889 3678 l.
906 3629 941 3678 ad
957 3627 1101 3680 chinam
1116 3634 1239 3677 sororem
1256 3633 1282 3672 r.
1301 3619 1354 3670 m

258 3715 306 3768 aa,
327 3708 373 3770 qui
390 3707 502 3757 eandem
518 3708 660 3758 historiam
677 3710 839 3760 hexametris
857 3715 1036 3776 persequitur·
1260 3727 1264 3736 ·

327 3822 375 3884 11)
392 3825 466 3876 iuter
483 3825 549 3888 0pp.
568 3825 713 3887 Augustini
728 3826 806 3878 hom.
824 3827 870 3882 111.
888 3829 934 3881 iih.
952 3831 988 3882 n.
1004 3841 1029 3880 c.
1047 3826 1091 3878 82.

326 3937 688 4006 sancrosanctum,
714 3946 800 4009 inquii
818 3942 964 4014 musmo,
990 3957 1033 3996 me
1057 3955 1117 3993 curn
1141 3943 1268 3992 Hebraeo
1292 3941 1353 3990 stu·

258 4021 336 4072 dinan
353 4028 381 4074 et
398 4027 501 4077 celebri
518 4027 587 4088 apud
605 4027 668 4075 iilos
685 4029 738 4077 viri
754 4031 885 4091 sapientie
901 4031 958 4081 filiu
975 4030 1008 4080 ed
1025 4029 1052 4078 id
1070 4027 1203 4090 educam
1227 4029 1258 4078 ut
1280 4026 1354 4087 patri

260 4107 434 4174 succederet,
451 4111 485 4159 de
502 4111 623 4172 pluribus
640 4111 722 4162 rebus
741 4115 823 4165 verba
840 4116 996 4167 mhouihser
1030 4125 1052 4162 a·
1064 4123 1116 4176 qno
1133 4110 1248 4175 munda
1271 4121 1306 4159 ac
1328 4109 1355 4157 si

260 4192 377 4243 historia
392 4195 530 4244 Ιιιιιιιιιιιιιο
547 4188 705 4255 rejectanea
720 4211 774 4248 non
792 4204 866 4250 esset
894 4194 937 4263 (nir
959 4195 996 4265 ps}
1019 4193 1199 4261 concupisce
1221 4195 1270 4262 τῆς
1292 4192 1354 4262 napi

258 4272 400 4341 Sardoum
417 4273 545 4348 ἱστορέας)
563 4277 645 4328 didici
660 4293 767 4345 qnoque
784 4286 926 4334 seniorum
943 4283 1070 4341 nomina,
1089 4284 1169 4344 prout
1184 4279 1255 4340 apud
1270 4278 1354 4328 Jere·
1426 4305 1427 4332 ι

259 4359 672 4431 ¹³¹⁸¹¹¹1⁰i⁰r¹i¹fltur(29·,*ii).
708 4366 781 4418 idem
805 4379 858 4433 „en
872 4367 1006 4420 reintiune
1023 4361 1159 4418 iiehraei“
1177 4362 1258 4414 affert
1282 4361 1352 4412 iite-

259 4453 402 4506 ronpmuc.
440 4447 588 4502 uhtomam
605 4449 638 4501 dc
655 4452 776 4502 Βιιιιιιιιιιι
793 4452 886 4504 hahent
903 4454 984 4504 eiiam
1002 4450 1073 4514 apud
1088 4450 1209 4505 audaeus
1235 4446 1356 4501 oswudii
