2884 5138
656 385 962 457 ...rp-

266 558 391 631 curtati
411 577 490 628 esse
510 557 676 651 opinatur,
697 557 752 628 vel
773 577 902 649 eorum,
923 560 996 648 qui,
1027 559 1119 627 velut
1142 559 1291 628 timolus
1311 565 1354 657 du

265 679 422 765 Dteanc,
454 677 655 748 Dorotheum
687 677 821 766 Tyrium
853 679 890 747 in
926 697 1032 746 rerum
1066 686 1182 748 natura
1218 699 1353 770 unquam

265 799 370 867 luisse
390 804 523 884 negant.

351 916 398 983 At
419 917 503 985 bene
525 915 741 983 discernenda
761 921 824 982 est·
837 915 987 1001 quaestio
1015 916 1057 983 de
1086 916 1267 984 existentia
1295 917 1354 984 all·

266 1037 358 1121 cujus
379 1035 541 1102 Dorothei
562 1035 656 1122 'l'yrii
676 1034 823 1121 episcopi
845 1039 879 1100 et
902 1031 1171 1121 Ddyssopolitani
1204 1035 1354 1122 martyris

265 1173 286 1222 a
308 1154 500 1242 quaestione
521 1152 564 1220 de
584 1151 753 1221 authentia
776 1160 811 1222 el
833 1154 1028 1242 antiquitate
1049 1153 1255 1238 relationum,
1277 1173 1353 1240 quas

266 1277 380 1342 auctor
410 1269 577 1360 Synopsis
608 1289 653 1340 ex
685 1273 758 1358 eius
786 1270 1026 1340 commentariis
1060 1271 1270 1338 transtulisse
1302 1273 1354 1361 ait,

265 1391 320 1479 qui
350 1387 477 1476 quidem
510 1389 670 1476 suppositi
697 1408 777 1457 esse
807 1395 959 1476 poterant
996 1409 1036 1456 ac
1067 1389 1352 1478 pseudepigraphi,

266 1505 460 1596 praesertim
481 1524 553 1574 cnm
575 1527 633 1574 eos
654 1508 789 1574 latine
811 1505 952 1596 scriptus
973 1507 1148 1575 invenerit.
1185 1505 1352 1594 thnam-

264 1645 360 1715 quam
381 1643 446 1691 non
467 1625 622 1692 absonum
644 1631 718 1713 est,
745 1623 947 1694 Dorotheum
969 1625 1104 1694 latinum
1125 1625 1266 1712 lingnam
1288 1628 1352 1694 cal-

264 1744 387 1826 luisse,
407 1742 442 1808 id
463 1741 548 1828 quod
569 1740 612 1809 de
635 1739 795 1828 Gregorio
817 1762 944 1832 quoque
965 1745 1209 1829 'l'haumaturgo
1225 1744 1351 1830 praedi-

264 1855 438 1952 Μεθ’),
461 1867 569 1936 tamen
591 1881 663 1928 eum
681 1861 783 1930 latine
803 1862 1040 1950 scripsisse
1063 1862 1264 1950 persuadere
1278 1863 1350 1929 mihi

265 2000 330 2049 nun
350 1997 495 2066 possum.
538 1977 648 2061 Quare
677 1981 813 2067 conjicio
843 1983 970 2071 polius,
1000 1982 1071 2066 ejus
1098 1981 1350 2070 commentarius,

265 2099 352 2168 sicut
372 2097 524 2180 Ποιμένα
544 2097 689 2166 Hermae
710 2106 746 2165 et
761 2095 964 2184 Ἀνατροπὴν
982 2099 1124 2179 Irenoei,
1141 2101 1211 2185 jam
1224 2103 1348 2187 antiquo

265 2223 413 2304 tempore
434 2214 566 2281 latinam
588 2215 621 2281 iu
642 2215 782 2301 linguam
806 2235 988 2286 conversos
1011 2215 1126 2285 luisse.
1170 2218 1348 2285 Hancvcr-

265 2335 392 2402 aionem
413 2331 540 2399 invenit
561 2331 759 2420 Procopius,
786 2355 922 2424 eamque
942 2356 1003 2424 pro
1023 2336 1205 2424 archetypo
1231 2335 1347 2402 hahuit.
1412 2323 1413 2328 ’

266 2451 468 2520 Dorotheum
493 2467 575 2518 vero
603 2451 729 2520 Romae
758 2453 878 2536 fuisse,
916 2461 1021 2522 utrum
1049 2455 1127 2522 inde
1158 2453 1349 2521 solummodo

265 2570 455 2657 suspicatus
475 2567 575 2636 luerit
594 2590 638 2637 an
659 2571 790 2638 aliunde
810 2573 954 2663 noverit,
975 2573 1079 2641 satius
1099 2578 1152 2640 est
1172 2573 1206 2639 in
1229 2571 1346 2636 incerto

151 2709 153 2714 ·
265 2689 461 2774 relinquere.
471 2681 526 2779 ⁴³)

350 2806 407 2874 Ad
427 2805 626 2874 authentiam
649 2827 729 2875 vero
751 2795 944 2878 relationum
965 2805 1114 2896 Synupsi
1141 2805 1345 2894 cumprehen-

266 2945 376 2994 sarum
396 2926 483 3012 quod
505 2926 638 3012 attinet,
661 2932 788 3013 partam
809 2927 852 2994 de
873 2927 1051 3016 Prophetis
1072 2947 1094 2993 a
1113 2923 1276 2992 Dorolheo
1290 2941 1344 3008 ep.

268 3044 549 3132 'l'yriprolectam
571 3062 789 3132 campense,
819 3043 937 3114 collata
965 3045 1075 3132 prisca
1104 3043 1265 3112 ecclesiae
1292 3059 1348 3127 ry·
1410 3041 1411 3078 r

267 3179 480 3251 nagogaeqne
516 3162 716 3251 traditione,
759 3183 860 3252 supra
895 3163 1103 3232 breviuscule
1144 3160 1347 3230 ostendimur.

269 3279 390 3348 Partes
418 3279 462 3370 de
487 3280 554 3347 ΧΠ
581 3281 741 3370 apostolis
770 3289 805 3348 et
838 3281 933 3348 LXX
965 3281 1134 3369 discipulis
1165 3277 1292 3349 Domini
1300 3269 1348 3366 ⁴⁴]
1409 3289 1410 3338 l

336 3517 384 3580 te)
400 3518 498 3570 Dutch.
516 3521 550 3594 ll.
568 3522 600 3572 ll.
617 3522 669 3588 Vl,
684 3523 729 3576 ³0·
762 3523 873 3575 lllerou.
892 3521 977 3578 caut.
994 3535 1019 3574 e.
1038 3522 1148 3586 lrxvl„
1165 3522 1211 3574 nhl
1225 3513 1348 3584 Ῥωμαίων

267 3601 421 3672 μαθήματα
443 3605 611 3669 (dlaclpllnaa
633 3605 755 3671 Latinas)
780 3601 913 3670 dejure
936 3611 1105 3674 potlaulmpm
1128 3607 1235 3658 olvlll
1256 3603 1347 3656 intelll-

268 3687 357 3754 flenda
372 3701 427 3739 uon
443 3701 524 3754 nego.

337 3787 386 3850 4³)
403 3789 495 3840 Potest
511 3802 566 3841 uon
584 3793 671 3842 mlnus
687 3804 783 3844 rerum
799 3804 876 3856 aare,
892 3804 971 3857 quarn
988 3795 1092 3843 cartam
1108 3793 1163 3855 eat,
1181 3789 1350 3854 Porphyrion

271 3873 385 3939 furlum
402 3887 445 3925 ao.
461 3873 522 3925 flet.
541 3887 559 3926 a
576 3875 692 3928 croada
710 3875 826 3928 Romam
842 3879 959 3942 reuma,
976 3877 1083 3928 Plutlno
1096 3873 1284 3927 ulmorum.
1304 3871 1350 3921 l’o·

134 3987 136 3994 ·
269 3961 323 4010 test
338 3959 421 4010 etlam
437 3960 541 4012 ltomaa
557 3969 607 4010 rua
622 3954 800 4027 dmnq'pm
816 3963 973 4025 rorlpmm,
998 3961 1079 4024 plana
1095 3961 1168 4010 elcut
1194 3957 1351 4023 lleperlpptl

268 4041 316 4108 (ex
332 4038 409 4108 eujus
425 4037 608 4110 ὑπομνήμασι,
635 4049 664 4094 ut
681 4055 715 4093 ax
733 4047 805 4098 noha
822 4043 977 4096 combellstl
993 4045 1027 4096 ad
1051 4043 1229 4107 lllppolytnur
1252 4042 1284 4090 do
1306 4034 1350 4087 xll

267 4131 353 4193 apost.
372 4133 492 4192 apparot,
510 4129 649 4190 complura
666 4125 776 4192 hausto),
794 4130 848 4194 qul,
865 4131 990 4192 suscepto
1008 4130 1121 4182 tronum
1138 4129 1247 4190 lunera,
1264 4127 1292 4173 lu
1309 4131 1349 4169 va·

269 4215 332 4277 rlls,
355 4223 422 4277 quma
438 4215 594 4276 peragravlt
609 4213 771 4275 provlnctls,
794 4222 856 4263 oum
873 4215 941 4264 alrlu
958 4213 1117 4278 apostollola
1133 4212 1290 4272 colloquens
1312 4215 1351 4253 ee·

269 4298 414 4350 clesluruur
432 4298 551 4361 orlglnes
576 4298 751 4360 luvestlgarit
773 4298 928 4362 Romaeque
949 4297 1008 4350 lere
1033 4308 1082 4360 per
1106 4295 1266 4348 decennium
1286 4297 1352 4342 ooll-

271 4385 392 4434 moratus
409 4383 460 4430 est,

337 4481 387 4540 tl)
405 4480 518 4533 'textum
535 4493 628 4536 aarum
644 4483 825 4538 annonarum
842 4437 918 4548 diuo3
934 4485 1032 4538 mltum
1050 4485 1094 4535 ur
1105 4483 1186 4547 enlm,
1202 4481 1352 4544 ΜΨ·
