2884 5138
646 373 924 440 ...4-

244 548 516 638 significationem
537 543 670 629 egregie
691 544 861 632 perspexit
882 540 1017 614 Simeon
1039 543 1251 614 har-Juchni
1277 553 1336 614 aut

245 685 424 774 quicunqne
447 683 480 748 iu
508 680 529 745 l.
563 677 671 746 Sohar
701 679 855 765 scripsit:
899 656 957 744 nih
984 685 1061 753 'nnn
1087 685 1185 771 pinu,
1213 685 1270 746 ‘nn
1299 689 1336 744 ’rt

246 824 385 912 pronun
420 792 547 891 rotor
580 818 638 878 nn
671 815 779 876 nourr
812 817 861 876 nn
894 788 987 875 ator
1021 819 1080 878 mn
1114 819 1218 905 prpnn
1250 823 1335 879 tons

246 956 329 1027 nno
352 959 386 1018 et
408 951 470 1018 arro
492 951 579 1017 roco:
602 924 729 1022 corias
757 953 814 1012 nn
842 952 950 1012 nnnc-r
975 952 1023 1010 nr
1049 953 1096 1014 nu
1127 953 1232 1042 ppun
1264 955 1334 1043 pru

247 1097 293 1156 uo
318 1064 356 1161 hu
388 1093 432 1150 uo
462 1093 539 1150 ntro
572 1077 733 1170 mv]
783 1082 892 1151 Etiam
920 1089 1056 1151 veteres
1083 1084 1244 1151 ecclesiae
1273 1085 1335 1151 do-

247 1215 356 1275 ctores
383 1213 549 1290 utramque
577 1203 715 1269 nominis
743 1201 1009 1287 significationem
1040 1209 1238 1289 proponunt,
1275 1199 1334 1267 sed

247 1327 337 1413 quia,
361 1343 401 1391 ea
422 1323 455 1388 in
477 1341 514 1387 re
537 1340 607 1387 cnm
626 1320 766 1404 judaicis
789 1323 1042 1402 consentientes,
1065 1320 1244 1387 nominihus
1256 1338 1336 1406 pro-

247 1443 417 1530 phetorum
439 1438 651 1507 characteres
673 1459 781 1506 eorum
803 1439 953 1526 portendi
968 1444 1074 1527 atque
1101 1436 1234 1504 indicari
1261 1437 1336 1503 exi-

248 1563 400 1643 stimant,
432 1557 702 1642 signino-ationem
724 1557 908 1623 luctationis
935 1556 1009 1624 sive
1039 1555 1208 1624 luctatoris
1235 1574 1336 1643 prae·
1425 1551 1426 1560 ’

248 1679 366 1748 lerunt.
417 1675 582 1762 Syuopsis
611 1673 889 1742 Dorotheann
917 1696 948 1744 n.
970 1674 1163 1764 Ἁμβακοὺμ
1194 1673 1335 1772 enplicat

247 1815 307 1886 per
326 1789 570 1885 Περίληψιςβ)
613 1791 895 1882 Hieronymus
920 1795 953 1861 iu
982 1794 1122 1882 Prologo
1150 1794 1193 1862 ad
1219 1792 1333 1860 Haha-
1426 1861 1427 1914 1

249 1932 362 1981 cucum
383 1914 425 1978 ad
445 1911 669 1980 chromacium
699 1911 832 2000 Episc,
858 1913 916 1981 vel
943 1933 987 1979 ex
1016 1932 1073 1996 eo,
1089 1913 1224 2001 iuquit,
1251 1910 1335 1998 quod

250 2031 397 2102 amnhilis
426 2029 555 2098 Domini
583 2035 652 2118 est,
684 2036 819 2098 vocatur·
846 2031 1064 2121 amplexatio,
1097 2032 1151 2098 vel
1182 2030 1268 2120 quod
1301 2030 1338 2096 iu

251 2156 416 2220 certamen
439 2157 473 2216 ct
494 2148 611 2216 luctam
632 2156 684 2229 et,
706 2156 741 2216 ut
762 2152 810 2218 ita
831 2150 947 2238 dicam,
968 2150 1149 2237 amplexum
1170 2169 1241 2217 curn
1262 2147 1337 2215 Deo

249 2268 473 2354 congreditur,
501 2267 745 2368 amplectantis,
773 2266 806 2332 id
834 2273 905 2358 est,
939 2268 1094 2334 luctantis
1121 2269 1256 2334 sortitus
1284 2271 1339 2333 est

250 2405 376 2454 nomen.
420 2386 644 2480 Nullus-enim
674 2393 739 2452 tam
768 2385 883 2452 audaci
910 2405 993 2454 voce
1020 2406 1122 2454 ausus
1151 2392 1204 2452 est
1231 2381 1338 2452 Deum

250 2503 291 2571 ad
321 2504 589 2590 disceptationem
610 2504 761 2592 justitiae
787 2524 968 2590 provocare
998 2510 1033 2572 et
1060 2505 1170 2572 dicere
1198 2502 1245 2568 ei:
1280 2520 1338 2568 cur

251 2621 286 2688 in
306 2623 406 2688 rehus
425 2623 575 2690 humanis
597 2629 631 2690 et
648 2623 682 2690 iu
702 2622 811 2688 mundi
831 2623 929 2689 istius
949 2624 1093 2703 πολιτείᾳ
1115 2625 1207 2687 tanta
1227 2639 1336 2686 rerum

251 2746 406 2808 versatur
433 2732 616 2826 iniquitas?
629 2736 667 2831 9)
720 2740 810 2806 Idem
839 2742 872 2807 in
905 2740 1038 2826 egregio
1068 2738 1123 2805 illa
1154 2736 1260 2824 Epist.
1292 2736 1334 2802 ad

174 2905 177 2914 ‚
252 2855 441 2924 Paulinum:
484 2857 641 2925 Habacuc
663 2859 850 2926 luctator
872 2860 992 2926 tortis
1013 2876 1058 2924 ao
1078 2854 1247 2944 rigidus
1269 2859 1338 2921 slat

252 2993 352 3062 super
373 2972 553 3040 custodiam
574 2993 664 3041 snam
686 2981 721 3042 et
742 2975 811 3064 figit
837 2977 970 3062 gradum
997 2995 1097 3062 snper
1123 2973 1339 3052 munitionem,

252 3098 288 3159 ut
316 3087 480 3158 Christum
507 3093 542 3156 in
570 3111 666 3159 cruce
701 3094 956 3181 contempletur,
988 3100 1023 3161 et
1052 3092 1150 3160 dicit:
1195 3089 1338 3181 ¹Operuit

253 3207 364 3276 coelos
384 3207 488 3295 glorio
510 3211 581 3293 ejus
602 3216 636 3277 et
657 3211 762 3278 laudis
784 3213 856 3298 ejus
878 3212 975 3298 plena
996 3217 1050 3278 est
1071 3217 1172 3277 terra.
1214 3209 1339 3298 Splen-

253 3325 314 3392 dor
335 3327 405 3408 ejus
427 3331 462 3390 ut
482 3325 537 3394 lux
559 3327 638 3419 erit3
661 3349 779 3397 cornua
799 3330 833 3398 in
857 3331 1004 3400 monibus
1026 3331 1114 3416 ejusr
1135 3328 1180 3394 ihi
1196 3327 1339 3394 abscou-

254 3442 323 3510 dita
344 3450 400 3510 est
420 3443 572 3512 tortitudo
600 3447 678 3530 ejus.
728 3449 972 3536 Loxicographi
999 3454 1107 3516 antem
1132 3445 1252 3514 Graeci
1279 3463 1338 3514 se-

255 3561 408 3650 umores,
443 3559 626 3630 hehraicam
658 3567 795 3634 nominis
824 3567 1033 3654 scriptionem
1058 3567 1267 3652 ignorantes,
1298 3582 1337 3642 ex

255 3679 533 3770 alexandrina
554 3683 625 3765 ejus
646 3683 747 3752 forma
773 3691 905 3772 etymon
933 3705 976 3754 ac
1002 3684 1216 3772 significatum
1243 3681 1338 3769 expia

255 3797 444 3898 scobronum,
465 3804 583 3868 voerta
595 3801 629 3868 in
643 3802 794 3870 auxilium
809 3803 920 3889 lingua
940 3801 1156 3870 eromuino·
1193 3796 1339 3876 Sicsui·

502 3979 505 3992 i

496 4013 502 4024 Ι

323 4037 356 4096 r)
369 4038 454 4087 sonae
471 4027 564 4103 non:
582 4043 640 4090 run
657 4043 711 4094 001.
728 4041 770 4092 ro.
793 4040 836 4092 rs
858 4043 900 4094 or.
925 4043 1055 4096 sunnio.
1079 4041 1205 4102 (monn
1227 4039 1261 4090 ro
1283 4041 1341 4092 uo-

257 4155 394 4219 senroth),
412 4156 447 4205 ci.
465 4157 499 4207 lh.
518 4160 652 4219 nomm:
671 4158 724 4207 col.
742 4158 785 4208 2³.

256 4279 272 4310 e.
292 4283 298 4310 r
317 4271 355 4328 ’8)
374 4269 675 4326 Olmonlcoml’ttschale
690 4291 715 4338 p.
735 4276 793 4326 tto.

325 4370 355 4428 9)
373 4372 444 4423 llaec
460 4375 539 4438 plane
554 4377 650 4426 itsdom
668 4378 759 4427 vorhls
778 4378 903 4430 isidorus
920 4377 1093 4443 Hispalensis
1109 4379 1138 4428 hr
1154 4374 1250 4427 nvn.
1269 4353 1342 4424 ‘hro

258 4453 350 4517 glnum
367 4454 437 4519 (oap-
456 4459 496 4507 de
514 4458 716 4522 prophetis).
