2884 5138
476 963 831 1103 Prooemium.

537 1199 769 1210 ——0-0

209 1355 310 1428 Haec
336 1357 595 1446 corrnnentatio‚
623 1382 690 1454 qua
716 1357 864 1432 defensa
891 1353 1028 1428 veniam
1055 1352 1198 1454 legendi

102 1489 139 1561 in
166 1487 345 1564 academia
370 1490 554 1592 Lipsiensi
585 1490 734 1592 adeptus
766 1517 860 1580 sum,
878 1488 1054 1590 opusculi
1086 1493 1198 1588 majo·

105 1623 156 1696 ris
181 1621 228 1698 de
254 1625 436 1700 Habacuci
461 1626 536 1701 vita
561 1637 665 1724 atque
690 1636 806 1702 aetate
831 1624 927 1726 prior
944 1622 1114 1726 particula
1130 1635 1197 1716 est,

102 1775 173 1856 qua
199 1761 404 1834 traditionis
438 1761 673 1862 syrragogalis
703 1770 806 1858 atque
837 1756 1107 1834 ecclesiasticae
1139 1757 1195 1832 hi-

105 1892 216 1967 storia
240 1905 435 1986 enarratur3
461 1897 603 1970 aiteram
624 1895 838 1996 particulam,
865 1918 954 1991 quoe
977 1901 1050 1969 tota
1066 1895 1196 1970 critica

105 2038 180 2119 est,
206 2029 421 2130 argumentis
447 2042 484 2106 et
508 2030 700 2104 rationibus
726 2054 774 2105 ex
800 2029 878 2128 ipsa
905 2029 1078 2132 scriptura
1102 2029 1195 2132 peti-

103 2163 162 2255 tia,
188 2188 258 2240 non
279 2164 496 2268 apocryphis
515 2166 642 2253 fabulis
656 2164 789 2258 innixa,
814 2164 960 2262 primum
976 2163 1084 2240 latine
1103 2165 1194 2242 scri-

99 2306 195 2400 ptam
230 2298 312 2375 huic
344 2299 501 2399 adjicere
533 2301 714 2391 volebam,
749 2298 834 2391 sed,
868 2307 997 2374 mutato
1032 2299 1193 2408 consilio,

99 2459 177 2510 eam
203 2435 405 2535 germanice
431 2437 640 2512 elaboratam
667 2434 916 2510 Rttdelbochio
942 2441 979 2508 et
1001 2432 1192 2524 Gaerilrim

99 2569 190 2644 viris
211 2595 342 2647 summe
360 2567 575 2646 venerandis
597 2569 749 2667 mihique
766 2568 980 2676 arctissimis·
996 2567 1079 2643 fidei
1095 2593 1192 2645 amo-

98 2705 218 2804 risque
244 2705 396 2783 vinculis
422 2706 638 2804 conjunctis,
672 2702 819 2795 tradidi,
854 2727 997 2802 quorum
1028 2703 1191 2803 benigni-

100 2849 171 2916 tate
195 2841 231 2915 in
258 2839 528 2941 Ephemerides,
548 2866 642 2940 quas
666 2839 784 2928 edunt,
809 2845 954 2940 recepta
980 2850 1037 2912 est
1061 2838 1191 2933 (Zait-

99 2977 231 3076 schrift
254 2980 324 3076 fia·
348 2977 405 3053 dia
424 2985 625 3076 garamante
640 2978 729 3051 totle.
751 2972 941 3073 Theolopie
958 2974 1034 3047 aad
1048 2973 1191 3049 Kirche

98 3109 209 3184 1842.
226 3111 302 3186 Hst.
319 3111 384 3210 1.).
418 3097 573 3188 Excusa‘
593 3123 669 3186 erat
693 3099 786 3184 haec
810 3107 907 3210 prior
931 3107 1102 3209 particula
1113 3112 1188 3206 jam

98 3269 191 3320 anno
215 3247 398 3352 superiore
423 3256 594 3338 exeunte;
627 3269 676 3320 ex
708 3268 777 3344 quo
810 3252 967 3345 tempore
999 3240 1187 3318 identidem

97 3404 172 3456 earn
202 3382 417 3484 pertractavi
449 3381 623 3480 multaque
657 3377 863 3478 diligentius
895 3377 1114 3477 investigavi
1145 3403 1188 3453 ao

93 3529 335 3620 perscmtatus
361 3543 447 3592 sum.
500 3515 600 3608 Quae
618 3538 719 3604 vero,
745 3513 804 3589 die
819 3511 913 3589 diem
940 3511 1102 3604 docente,
1128 3514 1187 3588 vel

94 3649 258 3723 subtilius
282 3649 433 3725 limanda
456 3652 517 3727 vel
540 3650 656 3728 denuo
682 3647 893 3727 elaboranda
918 3661 954 3724 et
974 3672 1102 3724 recens
1122 3647 1187 3722 ad-

89 3780 251 3879 jicienda
275 3784 446 3876 intellexi‚
471 3783 517 3858 ad
541 3784 633 3863 hanc
658 3784 846 3860 editionem
871 3782 1071 3874 reservavi,
1098 3807 1187 3879 quae

94 3913 244 4019 proinde
268 3917 528 4024 exemplaribus
553 3918 669 3996 adhue
693 3920 849 3996 virorum
878 3916 1058 3994 doctormn
1085 3915 1184 4015 judi-

93 4052 152 4128 cio
183 4053 356 4153 subjectis
388 4065 459 4130 tum
491 4054 625 4131 auctior
656 4065 712 4130 est
745 4065 813 4130 tum
855 4051 1079 4130 emendatior.
1139 4049 1181 4126 Si

92 4189 149 4265 cui
179 4189 300 4266 mirum
332 4189 510 4282 videatur,
545 4215 599 4265 me
628 4190 674 4266 de
705 4193 809 4266 rebus
834 4202 906 4291 ¹tarn
942 4187 1115 4263 abstrusis
1147 4203 1184 4262 et

4 4403 5 4440 ζ
88 4323 314 4424 inquisitione
340 4327 405 4402 vix
430 4327 550 4427 dignis
577 4327 787 4422 scripsisse,
822 4351 899 4402 enm
925 4336 1089 4417 reputare
1116 4348 1182 4399 ve-
