2884 5138
643 372 950 442 ...84-

255 565 334 633 rege
355 545 464 614 dudae
480 547 576 628 juxta
597 543 703 612 altare
723 544 929 612 intersectum
951 549 1080 632 narrat,
1105 543 1247 610 dosoris
1268 543 1342 612 Ba-

255 667 378 752 ptistae
399 671 565 752 parentem
588 683 666 731 essa
687 663 851 748 perhibet,
881 683 902 730 a
929 681 1008 747 rege
1037 661 1172 729 Herode
1199 680 1239 728 eo
1269 663 1343 747 ipso

254 785 288 851 in
310 784 383 850 looo
405 784 618 868 interiectum.
663 781 727 848 llis
746 783 817 850 tere
837 781 872 846 in
892 781 991 847 rebus
1011 779 1166 848 differunt
1187 779 1344 867 opuscula

255 897 321 988 illa,
343 921 476 988 quornm
498 909 550 969 est
572 905 713 968 ceterum
732 905 838 986 tauta,
860 905 980 984 quauta
995 916 1139 985 ovorum,
1159 901 1246 966 iuter
1263 917 1343 966 seso

255 1021 439 1088 similitudo.
858 1003 861 1011 ’

339 1139 403 1206 llis
431 1138 610 1225 expositis,
639 1137 785 1222 quaestio
813 1136 976 1202 suboritur
1010 1135 1205 1203 dlthoillima.
1255 1136 1342 1201 Nam

255 1277 327 1325 oum
349 1256 572 1343 opusculorum
594 1275 704 1322 eorum
726 1253 868 1342 duorum,
890 1255 1110 1343 quantumvis,
1134 1260 1169 1320 ut
1190 1253 1343 1342 vidimus,

253 1377 376 1461 aliquot
397 1377 429 1440 in
451 1374 549 1440 rebus
571 1373 838 1458 discrepantium,
860 1379 968 1439 tamen
989 1372 1074 1438 idem
1096 1373 1140 1438 sit
1161 1372 1341 1459 quasista-

253 1511 344 1571 men,
366 1497 466 1578 alque
486 1493 621 1579 insuper
642 1490 846 1578 Epiphanius
867 1491 980 1558 librum
1001 1488 1244 1557 Dorotheenum
1259 1498 1341 1556 ante

254 1613 366 1679 oeulos
388 1611 536 1678 hahuerit
558 1629 692 1696 eumque
714 1611 893 1695 ertpoliisse
915 1629 955 1675 uc
984 1609 1193 1696 supplevisse
1221 1607 1343 1675 vides·

138 1757 143 1772 ·
254 1736 317 1818 tur,
339 1749 402 1796 nou
424 1731 498 1796 vice
521 1747 639 1795 versa:
662 1729 843 1814 quaeritur,
864 1727 1021 1813 quomodo
1042 1728 1116 1794 libri
1137 1725 1342 1794 Dorotheaoi

253 1868 274 1915 a
297 1849 469 1935 Procopio,
492 1845 684 1933 presbytero
700 1845 737 1911 C.
750 1846 802 1930 1²„
820 1864 849 1911 c.
861 1865 892 1912 a.
910 1843 1000 1912 525.
1015 1845 1168 1913 chatino
1183 1847 1217 1912 in
1231 1844 1338 1913 Grae·

253 1986 324 2033 oum
344 1965 497 2032 conversi
519 1971 630 2032 textus
651 1981 789 2049 graecas
811 1970 944 2050 praesto
973 1983 1051 2030 esse
1080 1965 1223 2050 potuerit
1254 1964 1342 2052 Epi·-

253 2085 372 2172 phanio
401 2081 638 2165 Salaminensl,
667 2083 719 2169 qui
745 2085 813 2167 jam
842 2101 892 2151 oo.
920 2079 1010 2149 403.
1041 2081 1235 2170 pergrandis
1262 2089 1340 2149 natu

254 2193 360 2270 obiiti
398 2199 507 2268 ,Nullo
538 2201 623 2268 enim
651 2200 746 2268 modo
775 2207 867 2270 tauta
895 2201 929 2266 in
958 2201 1069 2270 verbis
1101 2201 1340 2288 sententiisque

253 2319 427 2387 consensio
449 2319 582 2384 fortuita
603 2336 682 2385 esse
702 2325 831 2407 potest,
861 2337 968 2405 oeque
996 2319 1125 2384 multum
1156 2317 1340 2404 proficimus

252 2431 509 2524 ariolandopvol
534 2435 731 2504 Dorotheum
752 2444 787 2504 et
809 2434 1026 2523 Epiphaniam
1042 2454 1063 2500 e
1077 2438 1235 2504 communi
1249 2443 1341 2506 sonte

253 2557 425 2633 hausisse,'
453 2555 507 2620 vel
529 2555 720 2640 Procopium
742 2557 774 2622 in
804 2553 963 2622 vertendo
991 2554 1155 2620 Dorotheo
1186 2552 1336 2639 Epipha-

252 2677 338 2743 nium
359 2692 510 2760 graecum
532 2668 739 2752 adhibuisse,
770 2675 825 2741 vel
847 2657 1023 2762 Epiphanii
1043 2676 1168 2736 textum
1190 2689 1210 2736 a
1233 2671 1334 2738 libra·

205 2837 208 2844 ·
253 2793 311 2859 riis
332 2765 403 2858 curn
425 2790 637 2858 Dorotheano
659 2811 736 2860 esse
759 2794 939 2878 contusum,
960 2790 1020 2859 sed
1042 2797 1166 2856 certum
1187 2795 1251 2875 est,
1272 2795 1339 2856 aut

253 2909 454 2976 Dorotheum
476 2907 652 2994 Epiphanii
673 2917 743 2975 aut
763 2909 978 2996 Epiphaniam
999 2907 1159 2975 Dorothei
1175 2909 1338 2975 esscimi-

252 3032 402 3095 latorem.
420 3029 428 3038 ”
446 3013 558 3093 Solum
581 3033 687 3091 autem
710 3025 771 3092 hoc
793 3029 957 3114 posterius
979 3027 1105 3093 admitti
1119 3033 1239 3114 potest
1272 3027 1339 3091 At·
1425 3077 1426 3082 1

253 3149 305 3235 qui
328 3147 358 3214 si
386 3129 511 3214 textum
539 3135 693 3228 graecum
716 3143 815 3210 libelli
842 3145 1044 3240 Dorotheani
1075 3144 1116 3211 ad
1147 3143 1340 3232 Procopium
1425 3137 1426 3152 ³

252 3265 455 3332 referendum
483 3280 560 3329 esse
589 3260 786 3328 dubitatione
814 3269 920 3344 caret,
948 3263 1134 3349 opusculum
1161 3262 1346 3349 Epiphani‘r

253 3383 453 3470 suppositum
473 3386 507 3446 et
528 3380 782 3466 pseudonymum
809 3397 886 3447 esse
914 3381 1163 3448 evidentissime
1189 3387 1338 3468 apparet,

252 3624 333 3674 diros
349 3620 509 3687 γεννήσασαα
526 3621 569 3672 καὶ
585 3620 632 3689 τὴν
649 3624 798 3694 παρθενίαν
814 3618 850 3689 μὴ
868 3621 1070 3692 διαφθείρασαν.
1104 3623 1232 3686 sonutam
1247 3621 1336 3686 Chry·

251 3711 383 3758 sostomur
399 3710 427 3755 tn
445 3708 515 3756 horn.
534 3707 644 3758 LXXV.
663 3711 690 3757 to
707 3711 882 3760 Matthaeurn:
910 3707 955 3764 Tu
972 3707 1043 3758 turer
1061 3706 1076 3755 ὁ
1094 3706 1230 3775 Ζαχαρίας
1246 3696 1338 3766 odrae,-

251 3791 278 3842 αἱ
294 3791 340 3852 μὶν
356 3789 402 3841 τὸν
418 3788 539 3842 Ἰωάννου
555 3794 658 3862 πατέρα
675 3807 768 3851 φασιν·
786 3791 811 3842 ol
827 3791 854 3840 dt
871 3790 918 3840 τὸν
934 3790 1087 3860 προφήτην·
1104 3789 1129 3838 οἱ
1141 3789 1168 3838 δὲ
1182 3789 1338 3857 i‘rrpo'rrm

251 3873 377 3938 διώνυμον
395 3874 479 3944 ἱερέα,
495 3871 527 3927 ὅν
543 3877 586 3926 ruri
601 3874 688 3926 ’tuear
705 3892 783 3941 φησιν
798 3874 814 3940 ἡ
831 3873 926 3944 γραφή.
962 3877 1080 3938 Denique
1097 3875 1279 3935 uteronynus
1291 3874 1339 3923 the

250 3963 358 4012 sobrius
375 3966 404 4011 et
421 3962 546 4011 hebratee
564 3962 658 4012 doctus
674 3961 722 4012 tlh.
747 3961 793 4009 tv.
816 3961 972 4010 tamulth:
1006 3960 1081 4023 „Attl
1104 3958 1264 4006 macheriam
1291 3969 1340 4018 prr·

251 4051 319 4096 trem
336 4047 469 4096 Johaonts
490 4047 606 4109 tutetttgt
628 4045 736 4106 volunt,
762 4056 802 4094 ex
826 4045 1026 4107 quibusdam
1049 4043 1338 4104 apocryphorum

250 4132 398 4180 somotts
416 4131 566 4192 probantes,
583 4129 651 4192 quod
671 4130 812 4190 propterea
829 4133 937 4179 ooctsus
955 4133 999 4192 stt,
1016 4131 1080 4192 quts
1096 4125 1247 4175 salvatoris
1259 4135 1339 4185 prse-

250 4213 349 4263 dtoartt
370 4215 521 4264 adrentum.
561 4215 618 4264 noo
642 4215 704 4276 quta
727 4213 760 4262 de
784 4215 933 4276 scripturus
959 4224 1013 4263 noo
1035 4213 1119 4262 habet
1140 4211 1340 4272 uuutorttutorn⁹

250 4297 344 4347 eadem
361 4297 492 4348 facilitate
508 4299 702 4360 contemnum,
725 4309 776 4357 oua
791 4299 935 4360 probatur.
979 4297 1037 4345 Alit
1061 4299 1141 4344 toturn
1163 4294 1256 4344 volunt
1279 4303 1342 4342 esre

251 4381 419 4447 zachariam,
436 4385 481 4446 qut
498 4385 606 4434 ordros
622 4385 664 4432 ert
680 4383 780 4433 adoris
796 4394 864 4449 rega
878 4381 968 4434 tudae
979 4382 1053 4432 tuter
1064 4378 1192 4444 ternplum
1204 4383 1233 4430 at
1243 4378 1340 4440 altura,

250 4467 320 4518 siout
337 4469 441 4529 Regum
458 4471 551 4520 mrrat
568 4464 708 4519 huram
