<?xml version="1.0" encoding="UTF-8"?>
<!DOCTYPE html PUBLIC "-//W3C//DTD XHTML 1.0 Transitional//EN"
    "http://www.w3.org/TR/xhtml1/DTD/xhtml1-transitional.dtd">
<html xmlns="http://www.w3.org/1999/xhtml" xml:lang="en" lang="en">
 <head>
  <title>
</title>
<meta http-equiv="Content-Type" content="text/html;charset=utf-8" />
  <meta name='ocr-system' content='tesseract 3.04.00' />
  <meta name='ocr-capabilities' content='ocr_page ocr_carea ocr_par ocr_line ocrx_word'/>
</head>
<body>
  <div class='ocr_page' id='page_1' title='image "./dehabacuciproph00deligoog_0050.png"; bbox 0 0 2884 5138; ppageno 0'>
   <div class='ocr_carea' id='block_1_1' title="bbox 516 339 822 412">
    <p class='ocr_par' dir='ltr' id='par_1_1' title="bbox 516 339 822 412">
     <span class='ocr_line' id='line_1_1' title="bbox 516 339 822 412; baseline 0 -20"><span class='ocrx_word' id='word_1_1' title='bbox 516 339 822 412; x_wconf 58' lang='lat'><strong>...35-</strong></span> 
     </span>
    </p>
   </div>
   <div class='ocr_carea' id='block_1_2' title="bbox 114 512 1209 940">
    <p class='ocr_par' dir='ltr' id='par_1_2' title="bbox 114 512 1209 940">
     <span class='ocr_line' id='line_1_2' title="bbox 116 512 1207 604; baseline 0.003 -19"><span class='ocrx_word' id='word_1_2' title='bbox 116 517 250 586; x_wconf 88' lang='lat' dir='ltr'><strong>colente</strong></span> <span class='ocrx_word' id='word_1_3' title='bbox 271 513 405 602; x_wconf 81' lang='lat' dir='ltr'><strong>probat,</strong></span> <span class='ocrx_word' id='word_1_4' title='bbox 436 512 605 582; x_wconf 78' lang='lat' dir='ltr'><strong>historiam</strong></span> <span class='ocrx_word' id='word_1_5' title='bbox 627 512 670 582; x_wconf 89' lang='lat' dir='ltr'><strong>de</strong></span> <span class='ocrx_word' id='word_1_6' title='bbox 693 513 868 582; x_wconf 87' lang='lat' dir='ltr'><strong>llabacuco</strong></span> <span class='ocrx_word' id='word_1_7' title='bbox 889 513 1084 604; x_wconf 86' lang='lat' dir='ltr'><strong>discophoro</strong></span> <span class='ocrx_word' id='word_1_8' title='bbox 1106 521 1207 590; x_wconf 84' lang='lat' dir='ltr'><strong>tradi-</strong></span> 
     </span>
     <span class='ocr_line' id='line_1_3' title="bbox 115 631 1209 722; baseline 0.004 -20"><span class='ocrx_word' id='word_1_9' title='bbox 115 636 197 703; x_wconf 88' lang='lat' dir='ltr'><strong>tioni</strong></span> <span class='ocrx_word' id='word_1_10' title='bbox 219 632 414 722; x_wconf 82' lang='lat' dir='ltr'><strong>synagogali</strong></span> <span class='ocrx_word' id='word_1_11' title='bbox 435 631 529 720; x_wconf 88' lang='lat' dir='ltr'><strong>eique</strong></span> <span class='ocrx_word' id='word_1_12' title='bbox 550 631 859 720; x_wconf 86' lang='lat' dir='ltr'><strong>palaestinensi</strong></span> <span class='ocrx_word' id='word_1_13' title='bbox 886 653 957 702; x_wconf 91' lang='lat' dir='ltr'><strong>cnm</strong></span> <span class='ocrx_word' id='word_1_14' title='bbox 984 636 1209 706; x_wconf 87' lang='lat' dir='ltr'><strong>ecclesiastica</strong></span> 
     </span>
     <span class='ocr_line' id='line_1_4' title="bbox 114 745 1208 840; baseline 0.004 -18"><span class='ocrx_word' id='word_1_15' title='bbox 114 773 193 822; x_wconf 84' lang='lat' dir='ltr'><strong>esse</strong></span> <span class='ocrx_word' id='word_1_16' title='bbox 216 769 482 837; x_wconf 90' lang='lat' dir='ltr'><strong>communem,</strong></span> <span class='ocrx_word' id='word_1_17' title='bbox 512 750 598 840; x_wconf 86' lang='lat' dir='ltr'><strong>quod</strong></span> <span class='ocrx_word' id='word_1_18' title='bbox 620 745 704 819; x_wconf 85' lang='lat' dir='ltr'><strong>inira</strong></span> <span class='ocrx_word' id='word_1_19' title='bbox 724 751 870 839; x_wconf 85' lang='lat' dir='ltr'><strong>pluribus</strong></span> <span class='ocrx_word' id='word_1_20' title='bbox 897 755 1100 840; x_wconf 80' lang='lat' dir='ltr'>argumentis</span> <span class='ocrx_word' id='word_1_21' title='bbox 1127 775 1208 826; x_wconf 86' lang='lat' dir='ltr'><strong>eon·</strong></span> 
     </span>
     <span class='ocr_line' id='line_1_5' title="bbox 117 871 324 940; baseline 0 -2"><span class='ocrx_word' id='word_1_22' title='bbox 117 871 324 940; x_wconf 85' lang='lat' dir='ltr'><strong>firmabimus.</strong></span> 
     </span>
    </p>
   </div>
   <div class='ocr_carea' id='block_1_3' title="bbox 605 1031 718 1127">
    <p class='ocr_par' dir='ltr' id='par_1_3' title="bbox 605 1031 718 1127">
     <span class='ocr_line' id='line_1_6' title="bbox 605 1031 718 1127; baseline 0 -23"><span class='ocrx_word' id='word_1_23' title='bbox 605 1031 631 1127; x_wconf 74' lang='lat' dir='ltr'><strong>s</strong></span> <span class='ocrx_word' id='word_1_24' title='bbox 658 1033 718 1104; x_wconf 78' lang='lat' dir='ltr'><strong>ro.</strong></span> 
     </span>
    </p>
   </div>
   <div class='ocr_carea' id='block_1_4' title="bbox 183 1155 1137 1346">
    <p class='ocr_par' dir='ltr' id='par_1_4' title="bbox 183 1155 1137 1346">
     <span class='ocr_line' id='line_1_7' title="bbox 183 1155 1137 1346; baseline 0.003 -115"><span class='ocrx_word' id='word_1_25' title='bbox 183 1158 422 1231; x_wconf 77' lang='lat' dir='ltr'><strong>Habucato</strong></span> <span class='ocrx_word' id='word_1_26' title='bbox 443 1155 757 1346; x_wconf 48' lang='lat' dir='ltr'><strong>mammeti:</strong></span> <span class='ocrx_word' id='word_1_27' title='bbox 772 1158 826 1228; x_wconf 79' lang='lat' dir='ltr'><strong>toa</strong></span> <span class='ocrx_word' id='word_1_28' title='bbox 845 1159 1137 1234; x_wconf 70' lang='lat' dir='ltr'><strong>omatombm</strong></span> 
     </span>
     <span class='ocr_line' id='line_1_8' title="bbox 654 1275 769 1330; baseline 0 0"><span class='ocrx_word' id='word_1_29' title='bbox 654 1275 685 1330; x_wconf 83' lang='lat' dir='ltr'><strong>a</strong></span> <span class='ocrx_word' id='word_1_30' title='bbox 757 1306 769 1330; x_wconf 94' lang='lat'><strong>.</strong></span> 
     </span>
    </p>
   </div>
   <div class='ocr_carea' id='block_1_5' title="bbox 108 1409 1253 3741">
    <p class='ocr_par' dir='ltr' id='par_1_5' title="bbox 108 1409 1253 3741">
     <span class='ocr_line' id='line_1_9' title="bbox 202 1409 1209 1500; baseline 0.009 -25"><span class='ocrx_word' id='word_1_31' title='bbox 202 1411 250 1475; x_wconf 89' lang='lat' dir='ltr'><strong>At</strong></span> <span class='ocrx_word' id='word_1_32' title='bbox 269 1409 321 1476; x_wconf 91' lang='lat' dir='ltr'><strong>bic</strong></span> <span class='ocrx_word' id='word_1_33' title='bbox 333 1409 435 1476; x_wconf 89' lang='lat' dir='ltr'><strong>oritur</strong></span> <span class='ocrx_word' id='word_1_34' title='bbox 448 1411 596 1498; x_wconf 80' lang='lat' dir='ltr'><strong>quaestio</strong></span> <span class='ocrx_word' id='word_1_35' title='bbox 610 1409 805 1493; x_wconf 81' lang='lat' dir='ltr'><strong>difficillima,</strong></span> <span class='ocrx_word' id='word_1_36' title='bbox 827 1409 913 1478; x_wconf 90' lang='lat' dir='ltr'><strong>unde</strong></span> <span class='ocrx_word' id='word_1_37' title='bbox 928 1413 1101 1500; x_wconf 83' lang='lat' dir='ltr'><strong>proveniat</strong></span> <span class='ocrx_word' id='word_1_38' title='bbox 1114 1421 1209 1484; x_wconf 89' lang='lat' dir='ltr'><strong>tanta</strong></span> 
     </span>
     <span class='ocr_line' id='line_1_10' title="bbox 115 1526 1207 1619; baseline 0.006 -24"><span class='ocrx_word' id='word_1_39' title='bbox 115 1529 174 1595; x_wconf 93' lang='lat' dir='ltr'><strong>illa</strong></span> <span class='ocrx_word' id='word_1_40' title='bbox 194 1527 366 1614; x_wconf 74' lang='lat' dir='ltr'><strong>fragmenti</strong></span> <span class='ocrx_word' id='word_1_41' title='bbox 378 1526 429 1619; x_wconf 77' lang='lat' dir='ltr'><strong>,de</strong></span> <span class='ocrx_word' id='word_1_42' title='bbox 452 1527 627 1596; x_wconf 90' lang='lat' dir='ltr'><strong>Habacuco</strong></span> <span class='ocrx_word' id='word_1_43' title='bbox 650 1527 843 1616; x_wconf 83' lang='lat' dir='ltr'><strong>discophoro</strong></span> <span class='ocrx_word' id='word_1_44' title='bbox 865 1551 937 1596; x_wconf 92' lang='lat' dir='ltr'><strong>cnm</strong></span> <span class='ocrx_word' id='word_1_45' title='bbox 960 1536 1054 1596; x_wconf 90' lang='lat' dir='ltr'><strong>textu</strong></span> <span class='ocrx_word' id='word_1_46' title='bbox 1076 1553 1207 1619; x_wconf 76' lang='lat' dir='ltr'><strong>syriaco</strong></span> 
     </span>
     <span class='ocr_line' id='line_1_11' title="bbox 114 1643 1208 1736; baseline 0.004 -23"><span class='ocrx_word' id='word_1_47' title='bbox 114 1645 299 1736; x_wconf 82' lang='lat' dir='ltr'><strong>similitudo,</strong></span> <span class='ocrx_word' id='word_1_48' title='bbox 320 1665 403 1733; x_wconf 88' lang='lat' dir='ltr'><strong>quae</strong></span> <span class='ocrx_word' id='word_1_49' title='bbox 425 1643 560 1713; x_wconf 89' lang='lat' dir='ltr'><strong>fortuita</strong></span> <span class='ocrx_word' id='word_1_50' title='bbox 582 1667 659 1714; x_wconf 87' lang='lat' dir='ltr'><strong>esse</strong></span> <span class='ocrx_word' id='word_1_51' title='bbox 682 1648 769 1713; x_wconf 93' lang='lat' dir='ltr'><strong>nullo</strong></span> <span class='ocrx_word' id='word_1_52' title='bbox 787 1647 880 1714; x_wconf 93' lang='lat' dir='ltr'><strong>modo</strong></span> <span class='ocrx_word' id='word_1_53' title='bbox 895 1654 1014 1736; x_wconf 82' lang='lat' dir='ltr'><strong>potest.</strong></span> <span class='ocrx_word' id='word_1_54' title='bbox 1055 1649 1110 1716; x_wconf 81' lang='lat' dir='ltr'><strong>Ad</strong></span> <span class='ocrx_word' id='word_1_55' title='bbox 1123 1651 1208 1717; x_wconf 91' lang='lat' dir='ltr'><strong>banc</strong></span> 
     </span>
     <span class='ocr_line' id='line_1_12' title="bbox 113 1744 1207 1854; baseline 0.007 -26"><span class='ocrx_word' id='word_1_56' title='bbox 113 1783 241 1852; x_wconf 87' lang='lat' dir='ltr'><strong>qnoque</strong></span> <span class='ocrx_word' id='word_1_57' title='bbox 264 1765 486 1851; x_wconf 87' lang='lat' dir='ltr'><strong>quaestionem</strong></span> <span class='ocrx_word' id='word_1_58' title='bbox 507 1763 786 1854; x_wconf 84' lang='lat' dir='ltr'><strong>respondebimus.</strong></span> <span class='ocrx_word' id='word_1_59' title='bbox 829 1765 971 1832; x_wconf 90' lang='lat' dir='ltr'><strong>Primum</strong></span> <span class='ocrx_word' id='word_1_60' title='bbox 992 1785 1073 1833; x_wconf 93' lang='lat' dir='ltr'><strong>vero</strong></span> <span class='ocrx_word' id='word_1_61' title='bbox 1086 1744 1207 1836; x_wconf 87' lang='lat' dir='ltr'><strong>noton-</strong></span> 
     </span>
     <span class='ocr_line' id='line_1_13' title="bbox 113 1877 1253 1972; baseline 0.004 -23"><span class='ocrx_word' id='word_1_62' title='bbox 113 1880 280 1970; x_wconf 88' lang='lat' dir='ltr'><strong>domest,</strong></span> <span class='ocrx_word' id='word_1_63' title='bbox 307 1882 847 1950; x_wconf 86' lang='lat' dir='ltr'><strong>recensionumadditamentorum</strong></span> <span class='ocrx_word' id='word_1_64' title='bbox 878 1877 1028 1950; x_wconf 81' lang='lat' dir='ltr'><strong>Danielis</strong></span> <span class='ocrx_word' id='word_1_65' title='bbox 1056 1887 1208 1972; x_wconf 86' lang='lat' dir='ltr'><strong>syriaca·</strong></span> <span class='ocrx_word' id='word_1_66' title='bbox 1249 1929 1253 1939; x_wconf 43' lang='grc' dir='ltr'>ι</span> 
     </span>
     <span class='ocr_line' id='line_1_14' title="bbox 110 1999 1207 2100; baseline 0.004 -32"><span class='ocrx_word' id='word_1_67' title='bbox 110 2021 180 2068; x_wconf 91' lang='lat' dir='ltr'><strong>rum</strong></span> <span class='ocrx_word' id='word_1_68' title='bbox 202 1999 285 2068; x_wconf 89' lang='lat' dir='ltr'><strong>duas</strong></span> <span class='ocrx_word' id='word_1_69' title='bbox 310 2001 469 2069; x_wconf 88' lang='lat' dir='ltr'><strong>hactenus</strong></span> <span class='ocrx_word' id='word_1_70' title='bbox 491 2000 600 2070; x_wconf 87' lang='lat' dir='ltr'><strong>editas</strong></span> <span class='ocrx_word' id='word_1_71' title='bbox 623 2020 701 2068; x_wconf 87' lang='lat' dir='ltr'><strong>esse</strong></span> <span class='ocrx_word' id='word_1_72' title='bbox 708 2049 719 2089; x_wconf 85' lang='grc'>,</span> <span class='ocrx_word' id='word_1_73' title='bbox 754 2019 838 2088; x_wconf 87' lang='lat' dir='ltr'><strong>quae</strong></span> <span class='ocrx_word' id='word_1_74' title='bbox 858 1999 943 2100; x_wconf 89' lang='lat' dir='ltr'><strong>bene</strong></span> <span class='ocrx_word' id='word_1_75' title='bbox 969 2000 1207 2072; x_wconf 82' lang='lat' dir='ltr'><strong>discernendae</strong></span> 
     </span>
     <span class='ocr_line' id='line_1_15' title="bbox 112 2101 1205 2211; baseline 0.002 -25"><span class='ocrx_word' id='word_1_76' title='bbox 112 2125 206 2188; x_wconf 80' lang='lat' dir='ltr'><strong>sunt:</strong></span> <span class='ocrx_word' id='word_1_77' title='bbox 241 2114 287 2211; x_wconf 79' lang='lat'><strong>1)</strong></span> <span class='ocrx_word' id='word_1_78' title='bbox 310 2139 363 2209; x_wconf 81' lang='lat' dir='ltr'><strong>ea,</strong></span> <span class='ocrx_word' id='word_1_79' title='bbox 383 2139 467 2207; x_wconf 87' lang='lat' dir='ltr'><strong>quae</strong></span> <span class='ocrx_word' id='word_1_80' title='bbox 489 2120 674 2188; x_wconf 84' lang='lat' dir='ltr'><strong>continetur</strong></span> <span class='ocrx_word' id='word_1_81' title='bbox 693 2119 727 2186; x_wconf 94' lang='lat' dir='ltr'><strong>in</strong></span> <span class='ocrx_word' id='word_1_82' title='bbox 748 2119 903 2194; x_wconf 88' lang='lat' dir='ltr'><strong>versione</strong></span> <span class='ocrx_word' id='word_1_83' title='bbox 921 2101 1070 2187; x_wconf 73' lang='lat' dir='ltr'><strong>danielis</strong></span> <span class='ocrx_word' id='word_1_84' title='bbox 1089 2122 1205 2208; x_wconf 68' lang='lat' dir='ltr'><strong>fiua-</strong></span> 
     </span>
     <span class='ocr_line' id='line_1_16' title="bbox 111 2233 1205 2330; baseline 0.003 -27"><span class='ocrx_word' id='word_1_85' title='bbox 111 2241 208 2304; x_wconf 85' lang='lat' dir='ltr'><strong>rata</strong></span> <span class='ocrx_word' id='word_1_86' title='bbox 238 2239 312 2305; x_wconf 87' lang='lat' dir='ltr'><strong>sive</strong></span> <span class='ocrx_word' id='word_1_87' title='bbox 340 2235 684 2326; x_wconf 69' lang='lat' dir='ltr'><strong>aarobeaeaplori</strong></span> <span class='ocrx_word' id='word_1_88' title='bbox 710 2233 817 2330; x_wconf 80' lang='lat' dir='ltr'><strong>(quae</strong></span> <span class='ocrx_word' id='word_1_89' title='bbox 847 2235 975 2325; x_wconf 84' lang='lat' dir='ltr'><strong>quidem</strong></span> <span class='ocrx_word' id='word_1_90' title='bbox 1001 2235 1035 2304; x_wconf 89' lang='lat' dir='ltr'><strong>in</strong></span> <span class='ocrx_word' id='word_1_91' title='bbox 1063 2237 1205 2308; x_wconf 86' lang='lat' dir='ltr'><strong>Daniele</strong></span> 
     </span>
     <span class='ocr_line' id='line_1_17' title="bbox 114 2354 1204 2444; baseline 0.006 -24"><span class='ocrx_word' id='word_1_92' title='bbox 114 2355 224 2442; x_wconf 84' lang='lat' dir='ltr'><strong>potios</strong></span> <span class='ocrx_word' id='word_1_93' title='bbox 246 2361 357 2424; x_wconf 91' lang='lat' dir='ltr'><strong>tetra</strong></span> <span class='ocrx_word' id='word_1_94' title='bbox 364 2355 499 2444; x_wconf 82' lang='lat' dir='ltr'><strong>piaris</strong></span> <span class='ocrx_word' id='word_1_95' title='bbox 522 2354 716 2427; x_wconf 90' lang='lat' dir='ltr'><strong>nominanda</strong></span> <span class='ocrx_word' id='word_1_96' title='bbox 737 2362 799 2437; x_wconf 87' lang='lat' dir='ltr'><strong>est,</strong></span> <span class='ocrx_word' id='word_1_97' title='bbox 821 2375 891 2422; x_wconf 93' lang='lat' dir='ltr'><strong>cum</strong></span> <span class='ocrx_word' id='word_1_98' title='bbox 913 2357 998 2424; x_wconf 86' lang='lat' dir='ltr'><strong>hune</strong></span> <span class='ocrx_word' id='word_1_99' title='bbox 1019 2357 1130 2428; x_wconf 88' lang='lat' dir='ltr'><strong>librum</strong></span> <span class='ocrx_word' id='word_1_100' title='bbox 1145 2379 1204 2426; x_wconf 90' lang='lat' dir='ltr'><strong>se-</strong></span> 
     </span>
     <span class='ocr_line' id='line_1_18' title="bbox 113 2467 1203 2566; baseline 0.002 -26"><span class='ocrx_word' id='word_1_101' title='bbox 113 2471 250 2540; x_wconf 89' lang='lat' dir='ltr'><strong>cundom</strong></span> <span class='ocrx_word' id='word_1_102' title='bbox 274 2473 368 2541; x_wconf 84' lang='lat' dir='ltr'><strong>LXX</strong></span> <span class='ocrx_word' id='word_1_103' title='bbox 390 2493 434 2541; x_wconf 87' lang='lat' dir='ltr'><strong>ex</strong></span> <span class='ocrx_word' id='word_1_104' title='bbox 456 2471 625 2564; x_wconf 86' lang='lat' dir='ltr'><strong>Tetraplis</strong></span> <span class='ocrx_word' id='word_1_105' title='bbox 648 2475 828 2541; x_wconf 89' lang='lat' dir='ltr'><strong>desumtnm</strong></span> <span class='ocrx_word' id='word_1_106' title='bbox 858 2467 1014 2566; x_wconf 78' lang='lat' dir='ltr'><strong>reddat),</strong></span> <span class='ocrx_word' id='word_1_107' title='bbox 1043 2473 1131 2543; x_wconf 88' lang='lat' dir='ltr'><strong>edita</strong></span> <span class='ocrx_word' id='word_1_108' title='bbox 1160 2495 1203 2545; x_wconf 84' lang='lat' dir='ltr'><strong>ex</strong></span> 
     </span>
     <span class='ocr_line' id='line_1_19' title="bbox 112 2588 1202 2680; baseline 0.002 -22"><span class='ocrx_word' id='word_1_109' title='bbox 112 2588 193 2658; x_wconf 82' lang='lat' dir='ltr'><strong>eoo.</strong></span> <span class='ocrx_word' id='word_1_110' title='bbox 214 2589 555 2680; x_wconf 81' lang='lat' dir='ltr'><strong>Syro-Estrangbelo</strong></span> <span class='ocrx_word' id='word_1_111' title='bbox 577 2592 659 2660; x_wconf 92' lang='lat' dir='ltr'><strong>Bibl.</strong></span> <span class='ocrx_word' id='word_1_112' title='bbox 683 2591 920 2660; x_wconf 84' lang='lat' dir='ltr'><strong>Ambrosianae</strong></span> <span class='ocrx_word' id='word_1_113' title='bbox 935 2613 956 2658; x_wconf 91' lang='lat' dir='ltr'><strong>a</strong></span> <span class='ocrx_word' id='word_1_114' title='bbox 974 2591 1106 2676; x_wconf 79' lang='lat' dir='ltr'><strong>Cajct.</strong></span> <span class='ocrx_word' id='word_1_115' title='bbox 1120 2593 1202 2660; x_wconf 85' lang='lat' dir='ltr'><strong>Bu-</strong></span> 
     </span>
     <span class='ocr_line' id='line_1_20' title="bbox 108 2704 1203 2802; baseline 0 -26"><span class='ocrx_word' id='word_1_116' title='bbox 108 2710 208 2798; x_wconf 71' lang='lat' dir='ltr'><strong>ouio</strong></span> <span class='ocrx_word' id='word_1_117' title='bbox 235 2709 436 2802; x_wconf 82' lang='lat' dir='ltr'><strong>(Mediolani</strong></span> <span class='ocrx_word' id='word_1_118' title='bbox 468 2705 585 2775; x_wconf 82' lang='grc'>1788.</span> <span class='ocrx_word' id='word_1_119' title='bbox 612 2704 685 2801; x_wconf 79' lang='grc'><strong>4.).</strong></span> <span class='ocrx_word' id='word_1_120' title='bbox 735 2707 830 2775; x_wconf 87' lang='lat' dir='ltr'><strong>Haec</strong></span> <span class='ocrx_word' id='word_1_121' title='bbox 858 2709 1203 2796; x_wconf 83' lang='lat' dir='ltr'><strong>septuagintaviralem</strong></span> 
     </span>
     <span class='ocr_line' id='line_1_21' title="bbox 110 2823 1203 2918; baseline -0.002 -22"><span class='ocrx_word' id='word_1_122' title='bbox 110 2827 223 2896; x_wconf 87' lang='lat' dir='ltr'><strong>horum</strong></span> <span class='ocrx_word' id='word_1_123' title='bbox 245 2829 503 2918; x_wconf 83' lang='lat' dir='ltr'><strong>apocryphorum</strong></span> <span class='ocrx_word' id='word_1_124' title='bbox 524 2825 710 2894; x_wconf 88' lang='lat' dir='ltr'><strong>versionem</strong></span> <span class='ocrx_word' id='word_1_125' title='bbox 730 2823 885 2892; x_wconf 93' lang='lat' dir='ltr'><strong>imitando</strong></span> <span class='ocrx_word' id='word_1_126' title='bbox 899 2824 1122 2918; x_wconf 77' lang='lat' dir='ltr'><strong>exprimit.⁸⁶)</strong></span> <span class='ocrx_word' id='word_1_127' title='bbox 1144 2829 1203 2895; x_wconf 94' lang='lat' dir='ltr'><strong>ln·</strong></span> 
     </span>
     <span class='ocr_line' id='line_1_22' title="bbox 110 2942 1201 3040; baseline -0.003 -26"><span class='ocrx_word' id='word_1_128' title='bbox 110 2947 277 3036; x_wconf 70' lang='lat' dir='ltr'><strong>tereretis,</strong></span> <span class='ocrx_word' id='word_1_129' title='bbox 307 2949 367 3036; x_wconf 84' lang='lat' dir='ltr'><strong>qui·</strong></span> <span class='ocrx_word' id='word_1_130' title='bbox 381 2947 561 3032; x_wconf 79' lang='lat' dir='ltr'><strong>Figuratae</strong></span> <span class='ocrx_word' id='word_1_131' title='bbox 582 2943 768 3032; x_wconf 87' lang='lat' dir='ltr'><strong>apocrypha</strong></span> <span class='ocrx_word' id='word_1_132' title='bbox 790 2942 930 3032; x_wconf 83' lang='lat' dir='ltr'><strong>addidit,</strong></span> <span class='ocrx_word' id='word_1_133' title='bbox 950 2962 1067 3010; x_wconf 96' lang='lat' dir='ltr'><strong>nomen</strong></span> <span class='ocrx_word' id='word_1_134' title='bbox 1089 2947 1201 3040; x_wconf 87' lang='lat' dir='ltr'><strong>nesci-</strong></span> 
     </span>
     <span class='ocr_line' id='line_1_23' title="bbox 111 3057 1202 3154; baseline -0.003 -22"><span class='ocrx_word' id='word_1_135' title='bbox 111 3086 192 3148; x_wconf 88' lang='lat' dir='ltr'><strong>mus,</strong></span> <span class='ocrx_word' id='word_1_136' title='bbox 216 3067 402 3153; x_wconf 75' lang='lat' dir='ltr'><strong>Figuratum</strong></span> <span class='ocrx_word' id='word_1_137' title='bbox 425 3083 505 3132; x_wconf 91' lang='lat' dir='ltr'><strong>vero</strong></span> <span class='ocrx_word' id='word_1_138' title='bbox 527 3057 808 3154; x_wconf 69' lang='lat' dir='ltr'><strong>intermedii}</strong></span> <span class='ocrx_word' id='word_1_139' title='bbox 830 3075 864 3128; x_wconf 91' lang='lat' dir='ltr'><strong>et</strong></span> <span class='ocrx_word' id='word_1_140' title='bbox 878 3057 959 3126; x_wconf 77' lang='grc'><strong>617</strong></span> <span class='ocrx_word' id='word_1_141' title='bbox 973 3059 1117 3128; x_wconf 87' lang='lat' dir='ltr'><strong>aPaulo</strong></span> <span class='ocrx_word' id='word_1_142' title='bbox 1134 3059 1202 3129; x_wconf 81' lang='lat' dir='ltr'><strong>Te-</strong></span> 
     </span>
     <span class='ocr_line' id='line_1_24' title="bbox 108 3155 1202 3272; baseline -0.003 -22"><span class='ocrx_word' id='word_1_143' title='bbox 108 3185 163 3252; x_wconf 84' lang='lat' dir='ltr'><strong>tac</strong></span> <span class='ocrx_word' id='word_1_144' title='bbox 183 3205 244 3272; x_wconf 88' lang='lat' dir='ltr'><strong>ep.</strong></span> <span class='ocrx_word' id='word_1_145' title='bbox 266 3190 301 3252; x_wconf 91' lang='lat' dir='ltr'><strong>et</strong></span> <span class='ocrx_word' id='word_1_146' title='bbox 326 3180 456 3250; x_wconf 77' lang='lat' dir='ltr'><strong>Thomu</strong></span> <span class='ocrx_word' id='word_1_147' title='bbox 476 3181 694 3249; x_wconf 80' lang='lat' dir='ltr'><strong>Heraclienci</strong></span> <span class='ocrx_word' id='word_1_148' title='bbox 714 3155 937 3248; x_wconf 81' lang='lat' dir='ltr'><strong>Alexandriae</strong></span> <span class='ocrx_word' id='word_1_149' title='bbox 960 3178 1078 3247; x_wconf 93' lang='lat' dir='ltr'><strong>collata</strong></span> <span class='ocrx_word' id='word_1_150' title='bbox 1099 3199 1202 3267; x_wconf 85' lang='lat' dir='ltr'><strong>opera</strong></span> 
     </span>
     <span class='ocr_line' id='line_1_25' title="bbox 110 3293 1202 3392; baseline -0.001 -23"><span class='ocrx_word' id='word_1_151' title='bbox 110 3302 294 3371; x_wconf 86' lang='lat' dir='ltr'><strong>inchoatam</strong></span> <span class='ocrx_word' id='word_1_152' title='bbox 316 3305 416 3391; x_wconf 86' lang='lat' dir='ltr'><strong>atque</strong></span> <span class='ocrx_word' id='word_1_153' title='bbox 436 3301 617 3369; x_wconf 87' lang='lat' dir='ltr'><strong>absolutam</strong></span> <span class='ocrx_word' id='word_1_154' title='bbox 644 3318 722 3366; x_wconf 87' lang='lat' dir='ltr'><strong>csse</strong></span> <span class='ocrx_word' id='word_1_155' title='bbox 748 3303 839 3384; x_wconf 89' lang='lat' dir='ltr'><strong>certo</strong></span> <span class='ocrx_word' id='word_1_156' title='bbox 868 3295 1027 3364; x_wconf 88' lang='lat' dir='ltr'><strong>novimus.</strong></span> <span class='ocrx_word' id='word_1_157' title='bbox 1078 3293 1127 3392; x_wconf 74' lang='grc'><strong>2)</strong></span> <span class='ocrx_word' id='word_1_158' title='bbox 1150 3318 1202 3378; x_wconf 88' lang='lat' dir='ltr'><strong>ea,</strong></span> 
     </span>
     <span class='ocr_line' id='line_1_26' title="bbox 109 3413 1201 3510; baseline -0.003 -22"><span class='ocrx_word' id='word_1_159' title='bbox 109 3423 250 3510; x_wconf 89' lang='lat' dir='ltr'><strong>quaead</strong></span> <span class='ocrx_word' id='word_1_160' title='bbox 267 3424 451 3490; x_wconf 86' lang='lat' dir='ltr'><strong>versionem</strong></span> <span class='ocrx_word' id='word_1_161' title='bbox 472 3421 706 3507; x_wconf 75' lang='lat' dir='ltr'><strong>timolinam</strong></span> <span class='ocrx_word' id='word_1_162' title='bbox 726 3415 800 3483; x_wconf 88' lang='lat' dir='ltr'><strong>sive</strong></span> <span class='ocrx_word' id='word_1_163' title='bbox 821 3413 1053 3508; x_wconf 77' lang='lat' dir='ltr'><strong>antiquam,</strong></span> <span class='ocrx_word' id='word_1_164' title='bbox 1077 3423 1201 3505; x_wconf 84' lang='lat' dir='ltr'><strong>tempo-</strong></span> 
     </span>
     <span class='ocr_line' id='line_1_27' title="bbox 108 3533 1203 3625; baseline -0.004 -19"><span class='ocrx_word' id='word_1_165' title='bbox 108 3540 198 3607; x_wconf 86' lang='lat' dir='ltr'><strong>ribus</strong></span> <span class='ocrx_word' id='word_1_166' title='bbox 219 3537 397 3624; x_wconf 84' lang='lat' dir='ltr'><strong>Ephraemi</strong></span> <span class='ocrx_word' id='word_1_167' title='bbox 419 3545 454 3604; x_wconf 87' lang='lat' dir='ltr'><strong>et</strong></span> <span class='ocrx_word' id='word_1_168' title='bbox 474 3537 684 3625; x_wconf 89' lang='lat' dir='ltr'><strong>Polychronii</strong></span> <span class='ocrx_word' id='word_1_169' title='bbox 713 3533 900 3623; x_wconf 82' lang='lat' dir='ltr'><strong>apocrypha</strong></span> <span class='ocrx_word' id='word_1_170' title='bbox 927 3534 1065 3601; x_wconf 92' lang='lat' dir='ltr'><strong>nondum</strong></span> <span class='ocrx_word' id='word_1_171' title='bbox 1095 3536 1203 3602; x_wconf 90' lang='lat' dir='ltr'><strong>conti·</strong></span> 
     </span>
     <span class='ocr_line' id='line_1_28' title="bbox 108 3647 1201 3741; baseline 0.002 -23"><span class='ocrx_word' id='word_1_172' title='bbox 108 3659 260 3733; x_wconf 86' lang='lat' dir='ltr'><strong>nentem,</strong></span> <span class='ocrx_word' id='word_1_173' title='bbox 288 3653 454 3740; x_wconf 83' lang='lat' dir='ltr'><strong>posterius</strong></span> <span class='ocrx_word' id='word_1_174' title='bbox 475 3656 618 3724; x_wconf 89' lang='lat' dir='ltr'><strong>accessit</strong></span> <span class='ocrx_word' id='word_1_175' title='bbox 639 3659 674 3721; x_wconf 91' lang='lat' dir='ltr'><strong>et</strong></span> <span class='ocrx_word' id='word_1_176' title='bbox 695 3674 716 3722; x_wconf 92' lang='lat' dir='ltr'><strong>a</strong></span> <span class='ocrx_word' id='word_1_177' title='bbox 739 3651 904 3722; x_wconf 77' lang='lat' dir='ltr'><strong>Briareo</strong></span> <span class='ocrx_word' id='word_1_178' title='bbox 939 3647 1201 3741; x_wconf 78' lang='lat' dir='ltr'><strong>Woltorto⁸⁷)</strong></span> 
     </span>
    </p>
   </div>
   <div class='ocr_carea' id='block_1_6' title="bbox 104 3764 1201 3862">
    <p class='ocr_par' dir='ltr' id='par_1_6' title="bbox 104 3764 1201 3862">
     <span class='ocr_line' id='line_1_29' title="bbox 104 3764 1201 3862; baseline 0 -26"><span class='ocrx_word' id='word_1_179' title='bbox 104 3768 144 3836; x_wconf 70' lang='lat' dir='ltr'><strong>‘in</strong></span> <span class='ocrx_word' id='word_1_180' title='bbox 165 3768 354 3858; x_wconf 82' lang='lat' dir='ltr'><strong>Polyglotta</strong></span> <span class='ocrx_word' id='word_1_181' title='bbox 373 3774 510 3855; x_wconf 85' lang='lat' dir='ltr'><strong>recepta</strong></span> <span class='ocrx_word' id='word_1_182' title='bbox 531 3767 660 3861; x_wconf 80' lang='lat' dir='ltr'><strong>est.⁸⁸)</strong></span> <span class='ocrx_word' id='word_1_183' title='bbox 694 3771 805 3837; x_wconf 87' lang='lat' dir='ltr'><strong>llaec</strong></span> <span class='ocrx_word' id='word_1_184' title='bbox 826 3764 916 3862; x_wconf 82' lang='lat' dir='ltr'><strong>(non</strong></span> <span class='ocrx_word' id='word_1_185' title='bbox 937 3771 1023 3856; x_wconf 82' lang='lat' dir='ltr'><strong>prior</strong></span> <span class='ocrx_word' id='word_1_186' title='bbox 1037 3765 1116 3859; x_wconf 83' lang='lat' dir='ltr'><strong>illa)</strong></span> <span class='ocrx_word' id='word_1_187' title='bbox 1130 3788 1201 3836; x_wconf 89' lang='lat' dir='ltr'><strong>cum</strong></span> 
     </span>
    </p>
   </div>
   <div class='ocr_carea' id='block_1_7' title="bbox 108 3901 1201 4113">
    <p class='ocr_par' dir='ltr' id='par_1_7' title="bbox 108 3901 1201 4113">
     <span class='ocr_line' id='line_1_30' title="bbox 176 3901 1201 4004; baseline -0.015 -2"><span class='ocrx_word' id='word_1_188' title='bbox 176 3942 224 4002; x_wconf 78' lang='lat'><strong>⁸⁰)</strong></span> <span class='ocrx_word' id='word_1_189' title='bbox 240 3944 330 3996; x_wconf 68' lang='lat' dir='ltr'><strong>mam</strong></span> <span class='ocrx_word' id='word_1_190' title='bbox 347 3944 380 3994; x_wconf 87' lang='lat' dir='ltr'><strong>do</strong></span> <span class='ocrx_word' id='word_1_191' title='bbox 397 3941 544 3998; x_wconf 73' lang='lat' dir='ltr'><strong>Rabannae</strong></span> <span class='ocrx_word' id='word_1_192' title='bbox 560 3942 673 4004; x_wconf 70' lang='lat' dir='ltr'><strong>indulta</strong></span> <span class='ocrx_word' id='word_1_193' title='bbox 705 3901 828 3992; x_wconf 67' lang='lat' dir='ltr'><strong>¹&#39;littii&#39;l</strong></span> <span class='ocrx_word' id='word_1_194' title='bbox 845 3935 930 3992; x_wconf 70' lang='lat' dir='ltr'><strong>euin</strong></span> <span class='ocrx_word' id='word_1_195' title='bbox 951 3935 992 3990; x_wconf 73' lang='grc' dir='ltr'><strong>ΠΞ</strong></span> <span class='ocrx_word' id='word_1_196' title='bbox 1014 3937 1068 3990; x_wconf 73' lang='lat' dir='ltr'><strong>reta</strong></span> <span class='ocrx_word' id='word_1_197' title='bbox 1092 3933 1201 3988; x_wconf 62' lang='lat' dir='ltr'><strong>*otnant</strong></span> 
     </span>
     <span class='ocr_line' id='line_1_31' title="bbox 108 4012 1199 4113; baseline 0 -25"><span class='ocrx_word' id='word_1_198' title='bbox 108 4012 247 4094; x_wconf 76' lang='lat' dir='ltr'><strong>anubab</strong></span> <span class='ocrx_word' id='word_1_199' title='bbox 270 4037 323 4090; x_wconf 76' lang='lat' dir='ltr'><strong>ern</strong></span> <span class='ocrx_word' id='word_1_200' title='bbox 338 4039 414 4090; x_wconf 58' lang='lat' dir='ltr'><strong>ore-r</strong></span> <span class='ocrx_word' id='word_1_201' title='bbox 428 4035 515 4113; x_wconf 68' lang='lat' dir='ltr'><strong>praua</strong></span> <span class='ocrx_word' id='word_1_202' title='bbox 530 4035 585 4088; x_wconf 78' lang='lat' dir='ltr'><strong>arn</strong></span> <span class='ocrx_word' id='word_1_203' title='bbox 606 4037 671 4090; x_wconf 74' lang='lat' dir='ltr'><strong>ono</strong></span> <span class='ocrx_word' id='word_1_204' title='bbox 693 4037 808 4089; x_wconf 61' lang='lat' dir='ltr'><strong>arnone</strong></span> <span class='ocrx_word' id='word_1_205' title='bbox 829 4039 913 4092; x_wconf 79' lang='lat' dir='ltr'><strong>eoru</strong></span> <span class='ocrx_word' id='word_1_206' title='bbox 934 4037 1001 4092; x_wconf 74' lang='lat' dir='ltr'><strong>aaut</strong></span> <span class='ocrx_word' id='word_1_207' title='bbox 1020 4036 1091 4088; x_wconf 77' lang='lat' dir='ltr'><strong>unu</strong></span> <span class='ocrx_word' id='word_1_208' title='bbox 1112 4037 1199 4088; x_wconf 63' lang='lat' dir='ltr'><strong>aurorar</strong></span> 
     </span>
    </p>
   </div>
   <div class='ocr_carea' id='block_1_8' title="bbox 109 4110 1202 4372">
    <p class='ocr_par' dir='ltr' id='par_1_8' title="bbox 109 4110 1202 4372">
     <span class='ocr_line' id='line_1_32' title="bbox 109 4110 862 4213; baseline 0.001 -23"><span class='ocrx_word' id='word_1_209' title='bbox 109 4135 217 4191; x_wconf 66' lang='lat' dir='ltr'><strong>:aaut</strong></span> <span class='ocrx_word' id='word_1_210' title='bbox 240 4137 348 4192; x_wconf 64' lang='lat' dir='ltr'><strong>aanor</strong></span> <span class='ocrx_word' id='word_1_211' title='bbox 371 4139 466 4213; x_wconf 70' lang='lat' dir='ltr'><strong>aanor</strong></span> <span class='ocrx_word' id='word_1_212' title='bbox 489 4110 603 4190; x_wconf 72' lang='lat' dir='ltr'><strong>abnuo</strong></span> <span class='ocrx_word' id='word_1_213' title='bbox 624 4137 726 4201; x_wconf 65' lang='lat' dir='ltr'><strong>aurea</strong></span> <span class='ocrx_word' id='word_1_214' title='bbox 749 4138 862 4210; x_wconf 62' lang='lat' dir='ltr'><strong>onorat</strong></span> 
     </span>
     <span class='ocr_line' id='line_1_33' title="bbox 175 4223 941 4294; baseline -0.008 -14"><span class='ocrx_word' id='word_1_215' title='bbox 175 4229 223 4288; x_wconf 73' lang='lat' dir='ltr'><strong>et)</strong></span> <span class='ocrx_word' id='word_1_216' title='bbox 241 4231 276 4280; x_wconf 89' lang='lat' dir='ltr'><strong>V.</strong></span> <span class='ocrx_word' id='word_1_217' title='bbox 293 4223 352 4292; x_wconf 80' lang='lat' dir='ltr'><strong>cjrm</strong></span> <span class='ocrx_word' id='word_1_218' title='bbox 368 4228 495 4292; x_wconf 77' lang='lat' dir='ltr'><strong>Prolegg.</strong></span> <span class='ocrx_word' id='word_1_219' title='bbox 512 4229 541 4276; x_wconf 87' lang='lat' dir='ltr'><strong>ln</strong></span> <span class='ocrx_word' id='word_1_220' title='bbox 559 4226 647 4276; x_wconf 85' lang='lat' dir='ltr'><strong>Biblla</strong></span> <span class='ocrx_word' id='word_1_221' title='bbox 663 4229 821 4294; x_wconf 81' lang='lat' dir='ltr'><strong>Polygiotta</strong></span> <span class='ocrx_word' id='word_1_222' title='bbox 837 4242 864 4290; x_wconf 81' lang='lat' dir='ltr'><strong>p.</strong></span> <span class='ocrx_word' id='word_1_223' title='bbox 881 4226 941 4278; x_wconf 83' lang='grc'><strong>610.</strong></span> 
     </span>
     <span class='ocr_line' id='line_1_34' title="bbox 176 4305 1202 4372; baseline -0.008 -11"><span class='ocrx_word' id='word_1_224' title='bbox 176 4311 223 4371; x_wconf 77' lang='grc'><strong>88)</strong></span> <span class='ocrx_word' id='word_1_225' title='bbox 242 4314 389 4364; x_wconf 74' lang='lat' dir='ltr'><strong>surannae</strong></span> <span class='ocrx_word' id='word_1_226' title='bbox 406 4309 539 4372; x_wconf 84' lang='lat' dir='ltr'><strong>duplicem</strong></span> <span class='ocrx_word' id='word_1_227' title='bbox 557 4313 745 4361; x_wconf 86' lang='lat' dir='ltr'><strong>reccoslonem</strong></span> <span class='ocrx_word' id='word_1_228' title='bbox 764 4311 910 4363; x_wconf 88' lang='lat' dir='ltr'><strong>Waltonos</strong></span> <span class='ocrx_word' id='word_1_229' title='bbox 932 4305 1067 4370; x_wconf 86' lang='lat' dir='ltr'><strong>exhibuit,</strong></span> <span class='ocrx_word' id='word_1_230' title='bbox 1090 4317 1202 4372; x_wconf 70' lang='lat' dir='ltr'><strong>arrarum</strong></span> 
     </span>
    </p>
   </div>
   <div class='ocr_carea' id='block_1_9' title="bbox 107 4391 1201 4583">
    <p class='ocr_par' dir='ltr' id='par_1_9' title="bbox 107 4391 1201 4583">
     <span class='ocr_line' id='line_1_35' title="bbox 107 4391 1201 4478; baseline -0.007 -16"><span class='ocrx_word' id='word_1_231' title='bbox 107 4423 162 4462; x_wconf 82' lang='lat' dir='ltr'><strong>una</strong></span> <span class='ocrx_word' id='word_1_232' title='bbox 182 4414 341 4466; x_wconf 86' lang='lat' dir='ltr'><strong>lnaarlbltnr</strong></span> <span class='ocrx_word' id='word_1_233' title='bbox 357 4391 506 4474; x_wconf 49' lang='lat' dir='ltr'><strong>lema...</strong></span> <span class='ocrx_word' id='word_1_234' title='bbox 525 4391 639 4478; x_wconf 52' lang='grc' dir='ltr'><strong>ΙΝ,</strong></span> <span class='ocrx_word' id='word_1_235' title='bbox 667 4408 763 4476; x_wconf 84' lang='lat' dir='ltr'><strong>(editio</strong></span> <span class='ocrx_word' id='word_1_236' title='bbox 785 4411 1003 4472; x_wconf 74' lang='lat' dir='ltr'><strong>Heracleensis),</strong></span> <span class='ocrx_word' id='word_1_237' title='bbox 1038 4406 1107 4456; x_wconf 83' lang='lat' dir='ltr'><strong>unda</strong></span> <span class='ocrx_word' id='word_1_238' title='bbox 1133 4416 1201 4456; x_wconf 85' lang='lat' dir='ltr'><strong>non.-</strong></span> 
     </span>
     <span class='ocr_line' id='line_1_36' title="bbox 956 4527 999 4583; baseline 0 -25"><span class='ocrx_word' id='word_1_239' title='bbox 956 4527 999 4583; x_wconf 65' lang='lat' dir='ltr'><strong>a*</strong></span> 
     </span>
    </p>
   </div>
   <div class='ocr_carea' id='block_1_10' title="bbox 0 0 1446 5138">
    <p class='ocr_par' dir='ltr' id='par_1_10' title="bbox 0 0 1446 5138">
     <span class='ocr_line' id='line_1_37' title="bbox 0 0 1446 5138; baseline 0 2"><span class='ocrx_word' id='word_1_240' title='bbox 0 0 1446 5138; x_wconf 95' lang='lat' dir='ltr'><strong> </strong></span> 
     </span>
    </p>
   </div>
  </div>
 </body>
</html>
