2884 5138
486 386 793 456 μω...

90 583 173 652 ceps
194 563 238 630 ah
259 561 332 648 ipso
353 560 559 646 conscriptae
579 579 659 628 esse
681 560 910 638 credebantur,
938 579 1119 648 quanquam
1140 583 1184 630 err

89 683 205 750 verbis
228 678 451 765 inscriptionis
482 675 534 769 (si
561 678 835 765 praepositionem
863 683 900 743 la
925 697 989 745 non
1017 680 1184 770 partitive,

91 799 155 867 sed
177 796 364 864 derivative
385 793 574 887 intelligas)
604 815 648 863 ne
669 797 730 862 hoc
750 794 880 883 quidem
908 797 1097 864 necessario
1125 817 1184 866 se-

95 917 211 1004 quitur.
257 915 305 980 At
326 912 612 1002 quomodocunque
633 891 715 981 haec
742 931 799 980 res
827 931 866 980 se
897 913 1013 1004 habet,
1045 924 1185 1003 apparet

92 1043 223 1109 tamen,
247 1033 470 1122 Hammeum,
497 1035 687 1120 prophetam
709 1039 873 1120 veterem,
901 1029 996 1100 lilium
1017 1031 1102 1101 Jesu
1124 1053 1184 1102 crr-

88 1152 219 1238 josdam
242 1157 278 1218 et
296 1151 448 1218 Levitanr
476 1147 710 1241 declarari.⁴²)
752 1149 856 1219 Nobis
884 1150 1019 1239 sufficit,
1052 1153 1114 1220 hoe
1141 1153 1184 1223 de

92 1270 272 1338 Hahaeuco
293 1270 522 1350 testimoninm,
545 1271 631 1357 quod
652 1275 764 1338 cetera
785 1270 891 1336 omnia
912 1269 1108 1356 antiquitate
1129 1293 1183 1339 ιιι-

92 1393 190 1476 perat
211 1394 247 1452 et
269 1388 359 1472 eujus
380 1407 443 1476 nec
465 1388 638 1456 veritatem
665 1407 726 1456 nee
756 1387 933 1455 falsitatem
963 1387 1059 1457 facile
1090 1391 1183 1478 quis·

93 1523 192 1594 quarn
211 1506 496 1595 demonstraverit,
516 1507 550 1574 iu
571 1506 709 1574 medinm
731 1507 914 1592 protulisse.

634 1726 694 1792 lc.

205 1895 209 1904 .
233 1843 470 1918 Hohocroc
490 1725 869 1918 meeffrsoolmrtno
889 1847 1046 1918 mirre.

177 1997 362 2065 Traditioni
385 1993 645 2074 Alexandrinae,
666 1997 875 2064 Habacueum
896 1995 1050 2064 Leuilam
1070 1999 1184 2079 luisse,

91 2117 143 2184 ιιι
165 2115 332 2203 plurimun
353 2116 446 2183 luvet
467 2117 611 2202 psalmus
633 2094 754 2192 ‹ulau›
775 2115 943 2183 noluero
964 2120 1000 2181 et
1021 2115 1073 2180 our
1094 2116 1186 2183 sum-

91 2255 168 2302 ιιι]
191 2230 354 2322 explicatu
375 2229 591 2299 remotionum
612 2232 699 2300 illius
721 2239 848 2298 rourum
876 2207 979 2298 nurui
1008 2229 1072 2323 (a,
1098 2230 1185 2326 ro.)

92 2352 227 2439 egregie
243 2345 470 2442 couvenit⁴³),
485 2370 527 2416 ex
542 2357 637 2437 parte
650 2349 847 2418 adversator
858 2351 923 2418 alia
939 2349 1082 2435 trarhtio,
1100 2371 1184 2440 quae

93 2491 116 2538 a
139 2469 303 2537 Dorotheo
325 2474 360 2535 et
382 2465 568 2554 Epiphanio
582 2469 676 2536 nobis
689 2475 885 2537 conservata
898 2475 962 2537 est.
995 2468 1184 2538 Dorotheus

91 2591 127 2656 in
150 2594 391 2676 syngrammata
413 2587 455 2654 de
468 2587 635 2675 prophetis
654 2585 762 2678 (quod
776 2588 809 2654 in
822 2587 1006 2656 chronicon
1022 2589 1185 2656 Paschale

91 2703 346 2796 receptumostp,
360 2705 540 2794 praemissa
548 2707 641 2773 brevi
649 2707 851 2773 characteris
858 2707 1185 2794 prophetaechristo-

93 2825 189 2910 logici
210 2824 473 2909 adumbratione,
491 2821 700 2908 Ἀμβακουμ,
722 2824 843 2910 inquit,
866 2811 904 2902 ἦν
925 2829 962 2889 ἐκ
983 2825 1087 2910 φυλῆς
1105 2823 1184 2888 Συ·
1226 2833 1229 2844 ’

92 2939 186 3026 pomo,
207 2939 242 3022 ἐξ
261 2937 365 3028 ἀγροῦ
388 2941 486 3020 Βῆθι
506 2941 566 3005 τοῦ
581 2937 668 3026 Χάρ.
711 2939 833 3008 lisdem
853 2939 977 3030 verbm,
999 2939 1060 3007 sed
1073 2947 1185 3006 trans-

92 3061 210 3148 positis
230 3057 437 3148 Epiphanius
458 3059 491 3125 in
520 3059 626 3125 libello
655 3056 697 3124 de
726 3060 956 3145 prophetarum
984 3058 1054 3124 vita
1086 3063 1185 3145 atque

91 3179 244 3246 interitu:
262 3175 453 3264 Ἀββακοὺμ
474 3174 492 3243 ὁ
515 3172 709 3263 Προφήτης·
732 3165 828 3253 οὗτος
848 3164 887 3254 ἢν
909 3173 944 3255 ἐξ
963 3172 1067 3260 ἀγροῦ
1080 3175 1185 3254 Βηθ-

91 3294 190 3381 ζοχὴρ
211 3301 248 3362 ἐκ
268 3297 372 3383 φυλῆς
393 3292 545 3378 Συμεών.
554 3289 611 3385 ⁴⁴)
642 3291 735 3376 Quae
756 3295 860 3361 verha
881 3313 947 3361 non
968 3301 1106 3381 possunt
1120 3295 1185 3361 ali-

93 3421 146 3481 ter
162 3416 310 3500 intelligi,
333 3416 396 3480 nisi
411 3415 620 3480 Hahacucum
639 3413 688 3479 de
707 3412 821 3479 trihu
837 3413 1051 3481 Simeonis
1072 3414 1184 3482 oriun-

92 3531 167 3601 dum
189 3529 244 3622 (id
267 3529 351 3616 qnod
373 3530 539 3600 traditioni
562 3531 807 3598 Alexandrinae
825 3538 985 3628 repugnat
994 3527 1049 3624 ⁴⁵]
1070 3550 1110 3598 ac
1122 3549 1184 3598 na-

93 3655 161 3711 tum
183 3663 261 3710 esse
282 3645 317 3708 in
331 3662 410 3727 agro
423 3645 456 3710 h.
469 3667 499 3714 e.
514 3650 633 3717 vicinia
648 3652 713 3718 vici
723 3650 822 3728 Βὴθι
833 3651 892 3716 τοῦ
910 3645 989 3734 Χὰρ
1004 3670 1032 3716 s.
1042 3649 1183 3730 Βηθζα-

162 3815 211 3876 42)
229 3817 303 3883 Ergo
320 3815 396 3867 recto
412 3813 580 3868 Plessnerus:
610 3813 637 3881 t]
666 3815 754 3891 piphll
781 3814 883 3888 lr'llttlp
917 3812 994 3891 n‘tpl
1018 3811 1066 3880 ’νῆ
1094 3815 1183 3891 plpll'l

94 3885 132 3964 ’15
153 3910 240 3964 lim
259 3914 354 3977 plmr'lt
370 3915 538 3984 (apocryph.
559 3931 584 3978 p.
595 3915 657 3982 ΌΟ.)

159 4016 209 4075 48)
226 4017 312 4068 lltlam
331 4020 409 4082 trad,
425 4019 611 4082 Habronem,
631 4018 721 4068 dlruto
739 4023 853 4084 templo,
878 4023 907 4072 ln
925 4036 973 4073 rur
988 4033 1020 4072 se
1037 4021 1182 4081 recepisse,

93 4107 122 4152 et
139 4104 294 4152 vatlelnlum
312 4101 437 4174 ἄγραφον,
455 4102 525 4166 quod
543 4105 569 4152 el
587 4104 723 4160 tribuitur,
739 4109 801 4167 apte
818 4104 957 4168 quadrant.

160 4203 210 4262 44)
229 4204 328 4255 chron.
346 4205 439 4254 Pescla.
457 4217 482 4266 p.
502 4205 552 4256 loll
567 4219 591 4255 s.
626 4207 722 4271 liplplr.
741 4205 807 4268 opp.
826 4205 859 4254 ll.
878 4218 904 4267 p.
921 4203 976 4254 alc
992 4215 1015 4250 ιι.

160 4304 208 4364 lo)
226 4307 295 4356 lllno
314 4306 484 4358 flattina.-
519 4307 596 4372 „Ego
613 4309 641 4358 et
657 4320 738 4370 supra
751 4303 808 4372 jam
823 4306 880 4357 dlxl
897 4307 925 4354 et
942 4314 1012 4354 nuno
1030 4303 1111 4353 etlam
1134 4311 1182 4350 ar-

92 4393 261 4442 serernntlus
280 4391 351 4452 dloo,
367 4391 501 4466 geminum
520 4392 607 4442 lolem
623 4393 811 4459 Ethemeam,
828 4392 943 4443 alterum
960 4388 1083 4440 llaolells
1099 4384 1181 4436 ohau-

93 4477 228 4541 amona,
256 4477 369 4530 alterum
386 4473 546 4541 Prophetam
563 4477 694 4530 muman
711 4489 840 4530 coaevum
862 4475 897 4528 do
920 4473 1004 4526 lrihu
1029 4469 1182 4534 mnenon,

940 4571 981 4634 ’ᾗ
