2884 5138
636 371 943 442 ..az-.-

246 569 304 616 ecs
326 547 434 615 estin
456 544 624 623 Galilaea,
652 542 737 611 hand
766 543 867 630 longe
897 563 918 609 a
945 541 1112 628 Saphetta
1137 563 1166 609 s.
1196 542 1345 635 Sephet,

246 668 301 733 nbi
328 665 526 732 Judaeorum
554 662 740 752 academia,
770 678 903 748 quocum
933 661 1004 727 lere
1032 663 1200 729 consentit
1228 662 1343 731 Saro-

246 786 403 851 dercon
425 782 569 869 Anglus,
590 781 663 869 qui,
683 781 748 846 iter
769 800 861 846 suum
882 799 903 846 a
924 777 1087 846 Damasco
1110 781 1153 846 ad
1175 781 1344 850 llieroso-
1428 805 1429 840 i

246 903 332 988 lyme
361 899 570 980 describens,
612 887 699 964 inter
728 875 889 984 Sephel
910 904 945 964 ct
969 896 1142 983 Caphar
1171 899 1342 968 castren

246 1040 285 1088 se
305 1039 422 1106 pagum
445 1026 501 1086 aut
522 1019 629 1086 vicum
649 1017 818 1084 invenisse
839 1023 943 1096 notat,
967 1017 1020 1084 uhi
1041 1016 1210 1084 habitasse
1224 1024 1259 1086 et
1277 1037 1342 1084 se·
1428 1077 1429 1080 ,

247 1138 370 1225 pultum
390 1136 493 1204 fuisse
514 1137 722 1204 Hahacncnm
744 1135 853 1204 lerant
873 1134 1015 1217 Judaeir
1042 1137 1094 1202 cui
1114 1155 1231 1204 nomen
1257 1135 1343 1204 dicit
1428 1161 1429 1224 p

247 1254 462 1341 Jeokolce,
492 1255 693 1323 observante
714 1251 784 1327 Sal
806 1270 874 1318 van
896 1253 962 1318 'l'ill
977 1253 1017 1318 in
1037 1251 1230 1340 Phosphoro
1251 1255 1342 1320 Pro·
1428 1235 1429 1238 ¹

247 1375 334 1463 phet
356 1394 388 1459 p.
412 1368 526 1438 2145‘
575 1371 769 1439 Relationes
790 1369 924 1438 Petrum
944 1378 979 1436 et
999 1363 1198 1438 ludaeorum
1220 1371 1283 1437 hac
1305 1373 1341 1442 in

245 1511 284 1558 re
306 1489 370 1558 sihi
389 1490 437 1556 ita
458 1489 702 1578 contradicere,
735 1489 957 1556 ut'conciliari
977 1494 1160 1575 nequeant,
1188 1489 1245 1554 vix
1274 1496 1341 1579 est,

248 1606 332 1696 quod
354 1606 509 1680 dicamus.
554 1607 778 1679 Praetereada
799 1627 880 1675 vero
900 1613 956 1674 est
976 1607 1092 1674 rdatio
1120 1606 1257 1674 Patrum
1285 1615 1342 1676 ut-

246 1733 326 1814 pote
346 1726 525 1818 antiquior,
543 1725 712 1808 judaicam,
729 1742 787 1812 pro
810 1724 920 1792 lahulri
940 1725 1057 1810 haheo,
1079 1744 1162 1811 qnae
1183 1723 1239 1818 [id
1254 1730 1341 1812 quod

248 1845 395 1932 pluribus
417 1844 579 1929 exemplis
600 1843 781 1910 confirmari
800 1837 931 1933 possit]
940 1863 998 1922 ,ex
1010 1845 1171 1911 nominum
1195 1845 1343 1932 prophe-

249 1970 303 2032 tae
325 1969 361 2030 et
381 1963 448 2030 vici
469 1961 556 2028 illius
576 1963 710 2048 galilaei
732 1961 927 2032 assonantici
957 1956 1089 2054 (pienti,
1113 1967 1206 2053 ΡΡῚΠ,
1231 1958 1342 2055 pipat)

249 2089 366 2149 exorta
386 2087 451 2146 est.
713 2115 717 2138 ι

718 2329 849 2426 'aaa
912 2329 951 2352 ··
987 2347 990 2354 ·

637 2468 955 2558 Battoque.

333 2639 396 2704 llis
410 2641 631 2726 pertractatis,
656 2642 853 2742 propositum
868 2646 1012 2708 nostrum
1027 2641 1219 2728 exponendi,
1242 2641 1333 2730 quid-

249 2757 326 2846 quid
347 2757 390 2824 de
411 2743 587 2825 Habacuco
611 2760 652 2825 ab
674 2760 815 2828 ecclesia
837 2770 872 2825 et
894 2778 1065 2848 synagoga
1078 2760 1251 2848 antiquitus
1263 2769 1334 2829 tra·

250 2876 349 2942 ditum
371 2876 431 2962 sit,
462 2896 523 2942 noa
544 2878 742 2944 exhausisse
764 2885 924 2965 putamus.
977 2879 1072 2945 Nom.
1085 2879 1150 2945 alia
1171 2877 1340 2968 quaedam,

249 3013 333 3082 quae
355 3014 420 3060 non
441 2999 517 3059 sunt
539 2993 713 3064 traditione
733 2997 870 3086 sancita,
892 2993 951 3062 sed
967 3016 988 3063 a
1004 2997 1135 3083 privata
1150 2999 1243 3064 unius
1257 3015 1340 3083 pan-

250 3131 402 3187 cornmve
424 3113 583 3178 hominum
605 3114 790 3182 insulsitate
818 3121 1007 3201 procreata,
1039 3116 1338 3182 commemoratione

250 3232 308 3298 vix
331 3230 428 3316 digna
450 3227 603 3316 sunt²⁴J
646 3232 764 3328 Neque
786 3251 888 3321 vero,
912 3232 954 3300 ad
975 3233 1117 3300 laborem
1140 3233 1339 3300 exantlatum
1428 3317 1429 3342 Χ

222 3413 224 3422 ,
251 3355 340 3414 retro
363 3348 563 3436 respiciens,
591 3347 718 3436 dubito,
745 3349 869 3416 futuros
891 3371 970 3418 esse
993 3352 1123 3432 multos,
1145 3352 1341 3437 praesertim

251 3467 383 3532 critices
406 3467 591 3534 neotericae
614 3467 794 3548 studiosos,
828 3470 880 3556 qui
902 3490 954 3536 me
975 3490 1107 3556 operam
1127 3469 1210 3536 male
1238 3469 1338 3536 collo·
1428 3507 1429 3510 =

252 3603 349 3650 casse
371 3584 589 3649 criminentur.
635 3583 757 3666 eribus
781 3607 906 3672 rogero,
929 3608 992 3653 non
1012 3589 1084 3653 sine
1107 3588 1293 3670 arrogantia
1305 3592 1338 3652 in

252 3704 322 3770 vita
343 3707 441 3788 atque
462 3705 573 3768 aetate
596 3704 793 3789 prophetae,
817 3707 908 3790 cujus
931 3708 1059 3772 nonnisi
1082 3724 1221 3771 nomen
1244 3703 1338 3769 Scri-

251 3827 346 3907 ptura
367 3822 589 3908 conservavit,
611 3823 842 3908 investiganda
863 3824 1069 3891 traditionem
1090 3824 1210 3908 negligi
1230 3842 1337 3910 posse,
1428 3869 1429 3906 ᾗ

319 4029 367 4088 ed)
384 4030 417 4079 V.
436 4039 460 4077 c.
479 4027 553 4078 Joc.
571 4028 725 4078 Martini
753 4031 806 4093 (De
824 4031 902 4081 libris
919 4034 1070 4092 scripturae
1088 4029 1200 4092 perditis
1217 4029 1290 4090 Disp.
1305 4028 1338 4078 ll.

252 4128 330 4194 siti)
349 4132 443 4178 contra
461 4129 662 4191 ,‚ilelrraeornm
682 4126 807 4176 doctores
824 4129 948 4192 aliquos“
967 4137 1076 4195 pugnat,
1095 4133 1140 4194 qui
1157 4123 1236 4176 ἾΨΎΠ
1256 4120 1285 4174 '0
1306 4127 1339 4178 ad

251 4213 424 4262 Habacacum
441 4213 562 4262 reserant
582 4240 609 4250 -
631 4217 787 4272 portentosa
804 4217 928 4274 profecto
946 4220 1036 4278 opinio
1054 4217 1163 4264 homine
1179 4214 1273 4262 sobrio
1298 4215 1340 4260 in·

253 4297 348 4359 digna3
377 4296 578 4361 deoperire,
605 4299 629 4342 si
646 4302 721 4345 recte
738 4298 861 4347 intellexi
879 4313 946 4362 quac
964 4303 1029 4350 dicit
1046 4304 1074 4348 in
1101 4309 1196 4348 comm.
1224 4296 1258 4348 ad
1284 4297 1338 4346 Da-

251 4379 315 4431 niel.
334 4397 360 4445 p.
378 4378 485 4444 Oxlv,
510 4381 650 4430 Danielem
666 4383 754 4442 ipsum
771 4385 800 4432 et
816 4385 986 4434 flahacucum
1003 4397 1020 4435 a
1036 4384 1150 4435 ludaeis
1166 4393 1215 4446 pro
1232 4391 1339 4434 unam·

253 4464 365 4529 demque
382 4475 499 4528 persona
515 4465 620 4516 habitos
636 4463 730 4531 tingit,
747 4469 841 4520 nesoto
858 4479 876 4520 a
893 4467 997 4534 quibos,
1015 4471 1067 4522 eto.
