2884 5138
643 356 922 424 ...6.-

237 531 355 602 Sancti
382 551 425 598 ex
454 528 694 617 supranaturali
722 529 954 596 illuminatione
983 528 1141 611 docendi,
1179 530 1334 598 continuo

236 651 395 738 gessisse.
441 645 694 732 Cognominatur
715 647 813 731 igitur
834 651 944 735 ΜΠ,
972 653 1085 734 utpote
1109 649 1239 734 legatus
1269 647 1336 716 Dei

238 769 428 856 specialiter
449 773 484 833 et
506 770 602 831 extra
623 763 765 831 ordinem
786 766 918 849 missus,
941 764 1079 834 docendi
1095 766 1337 851 redarguendi-

238 905 301 974 que
312 904 423 952 causa.
457 879 505 976 2)
519 903 590 949 eum
604 899 679 960 non,
699 883 783 948 sicut
797 883 957 950 aurosum
973 877 1253 975 (t,1.er.7,14.
1270 880 1336 976 12),
1427 891 1428 896 ’

239 1006 279 1072 ab
302 1003 365 1070 alio
389 1022 531 1070 munere
545 999 588 1067 ad
609 998 832 1086 propheticum
854 1007 1035 1080 avocatum,
1057 1001 1118 1070 sed
1140 1002 1182 1068 ad
1196 1002 1336 1090 prophe·

239 1125 336 1188 ticum
367 1140 483 1188 munus
512 1117 682 1204 disciplina
717 1118 854 1206 quadam
890 1115 984 1211 (fort.
1018 1119 1151 1186 sch'olac
1184 1114 1336 1210 Elisaei]

239 1246 487 1328 praeparatum,
514 1235 634 1304 deinde
655 1237 842 1304 immediata
864 1235 929 1304 Dei
951 1239 1126 1304 vocatione
1157 1244 1335 1326 promotum

240 1377 327 1426 esse.
384 1352 431 1446 ³)
461 1374 553 1436 cum,
585 1353 704 1441 quippe
733 1374 797 1421 non
828 1355 1005 1442 paullisper
1038 1364 1113 1421 actu
1144 1355 1336 1444 prophetiae

240 1475 453 1562 gaudentem,
477 1474 539 1539 sed
560 1492 694 1548 munere
715 1475 905 1560 prophetico
927 1474 1003 1540 iude
1026 1492 1047 1540 a
1069 1480 1214 1560 tempore
1236 1491 1335 1539 voca-

241 1594 339 1660 tionis
372 1611 453 1659 suae
486 1596 679 1658 constanter
710 1600 933 1678 perpetuoque
966 1592 1129 1671 iunctum,
1166 1610 1230 1658 non
1263 1589 1336 1657 sola
1427 1591 1428 1600 ’

241 1712 324 1778 haec
346 1711 517 1798 vaticinia,
540 1711 679 1797 quaein
701 1729 826 1776 canone
853 1730 948 1776 sacro
970 1709 1084 1777 divina
1106 1709 1199 1776 nobis
1219 1707 1335 1794 provi-
1427 1754 1428 1772 ι

241 1829 354 1896 dantia
376 1833 575 1896 conservata
596 1834 683 1912 sunt,
706 1827 766 1894 sed
789 1827 882 1914 plura
904 1848 1032 1916 quoque
1054 1828 1219 1906 edidisse,
1244 1831 1334 1892 certe

241 1947 340 2016 multo
362 1948 456 2033 plura
478 1946 605 2033 publice
626 1946 875 2012 sermocinatum
905 1965 993 2015 esse.
1041 1947 1137 2014 llaec
1158 1945 1265 2012 omnia
1293 1964 1338 2011 ex

240 2066 314 2153 ipso
337 2064 509 2141 volumine,
530 2071 567 2129 ut
588 2064 803 2131 hallucinatur
819 2062 1009 2151 Stickelius‚
1031 2070 1122 2133 certo
1136 2081 1338 2149 cognoscere

128 2197 130 2202 ·
241 2201 308 2250 non
329 2201 512 2268 possemus.
556 2178 596 2248 Si
617 2181 690 2268 quis
712 2200 793 2249 vcro
815 2183 1014 2269 quaesierit,
1038 2201 1113 2263 cur,
1135 2184 1165 2249 si
1186 2183 1269 2248 haec
1289 2181 1338 2246 ita

243 2306 337 2384 sunt,
370 2300 403 2364 in
432 2299 635 2368 lemmatibus
663 2299 787 2387 aliquot
816 2301 1048 2388 prophetarum
1077 2300 1139 2366 hoc
1168 2301 1358 2386 epitheton

243 2421 341 2482 allatii
370 2416 475 2505 desit,
503 2416 565 2484 hoe
593 2419 714 2504 ipsum,
743 2419 889 2505 inquam,
917 2438 999 2485 vero
1029 2418 1147 2486 indicio
1174 2424 1245 2506 est,
1274 2417 1338 2484 has

242 2535 473 2622 inscriptiones
496 2534 619 2624 varius,
639 2536 848 2604 multiformes
871 2536 1037 2623 omnisque
1054 2535 1262 2623 aequalitatis
1277 2554 1335 2601 ex-

243 2661 357 2742 partes
379 2675 442 2720 non
464 2672 485 2721 a
506 2653 735 2720 collectoribus
757 2661 813 2721 aut
833 2653 1074 2742 redactoribus,
1095 2659 1128 2720 ut
1148 2653 1249 2741 ajunt,
1275 2671 1333 2718 re-

244 2773 442 2842 centioribus
463 2771 612 2856 adjectas
634 2792 724 2862 esse,
744 2773 804 2840 sed
827 2773 868 2841 ab
889 2772 972 2860 ipsis
997 2772 1164 2858 prophetis
1185 2790 1243 2857 pro
1259 2769 1332 2836 sin·
1427 2799 1428 2828 ι

222 2887 386 2977 'gulorum
414 2890 547 2959 arbitrio
575 2889 733 2958 dviaitus
762 2890 905 2970 directo,
943 2891 1139 2976 praesertim
1167 2907 1237 2954 cum
1266 2907 1336 2954 mos

244 3008 374 3095 proprie
397 3009 566 3076 orientalis
588 3011 650 3096 sit,
673 3017 707 3076 ut
729 3016 884 3077 auctores
907 3009 1035 3074 nomina
1062 3006 1155 3073 libris
1181 3003 1336 3092 scriptio·

245 3125 403 3212 nibusque
424 3127 493 3194 suis
515 3127 707 3214 praefigant,
731 3147 771 3194 ac
793 3127 985 3214 prophetas,
1005 3127 1059 3214 qui
1083 3145 1122 3192 se
1143 3144 1206 3192 non
1233 3122 1336 3190 solum
1427 3107 1428 3120 ¹

246 3245 451 3330 aequalibus,
481 3246 663 3312 sedetiam
685 3247 879 3334 posteris
901 3245 1045 3312 scribere
1069 3245 1151 3310 bene
1179 3242 1336 3328 sciebant,

247 3363 402 3430 vaticinia
424 3383 484 3430 sua
505 3383 706 3452 anonyme
728 3365 873 3432 edidisse
894 3365 953 3431 vix
975 3362 1064 3430 credi
1078 3361 1193 3448 possit.
1224 3359 1335 3434 Quae-

247 3570 367 3634 llaggei‚
382 3572 513 3622 Malachla
530 3575 559 3621 et
575 3573 709 3622 zacharia
726 3573 840 3636 collato,
865 3575 892 3621 ln
911 3573 991 3622 tract.
1014 3567 1158 3618 talmudico
1184 3566 1295 3630 Megillo
1315 3565 1333 3613 i.

247 3669 272 3732 ³,
289 3680 314 3717 a·
332 3669 443 3720 dicitur:
479 3675 549 3734 sca
577 3646 619 3730 sb
646 3673 731 3733 uniar
759 3676 843 3732 utrm
871 3673 983 3733 annisu
1010 3670 1099 3730 notra
1126 3669 1215 3736 norun
1231 3667 1334 3743 πονοι
1427 3707 1428 3730 ι

247 3769 282 3818 ci.
300 3770 419 3820 African.
437 3776 465 3822 in
480 3777 528 3838 Ep.
547 3775 580 3824 de
597 3779 721 3825 Susanna
737 3775 770 3825 ad
789 3774 951 3840 origenem:
979 3765 1080 3836 Δανιὴλ
1094 3763 1161 3832 ἄλλῳ
1175 3767 1263 3837 τρόπῳ
1273 3783 1338 3834 rupo-

246 3850 360 3917 advrtito,
379 3853 492 3924 ὄράμαον
510 3859 553 3909 καὶ
572 3858 689 3929 ὀνείροις,
707 3857 750 3910 διὰ
768 3858 867 3916 παντὸς
884 3855 984 3926 καιροῦ,
1001 3853 1045 3904 καὶ
1061 3852 1170 3916 ἀγγέλου
1188 3847 1337 3909 ἐπιφανείας

246 3934 376 4002 τυγχάνει,
394 3937 457 3990 dlt'
477 3940 534 3993 οὐκ
551 3942 719 4010 ἐπιπνοίᾳ
734 3938 937 4014 προφητνκῂ.

316 4039 360 4098 12)
378 4042 461 4100 Quem
486 4044 520 4093 ad
541 4046 631 4096 locum
654 4048 765 4110 egregie
790 4043 901 4096 adnotat
926 4040 1048 4104 cyrnrus
1072 4037 1270 4088 alexandrinus
1291 4033 1336 4096 (ed

248 4122 340 4174 Amos.
359 4124 426 4187 Opp.
444 4127 518 4177 Tem.
537 4129 583 4179 lli.
602 4145 626 4192 p.
644 4128 729 4192 ³29.ss
764 4127 843 4178 ἐκεῖνο
869 4127 961 4188 λέγων,
987 4117 1020 4180 ὥς
1045 4119 1106 4172 οὔτε
1131 4109 1275 4190 Προφὴτης
1296 4105 1336 4186 ἦν,
1427 4127 1428 4140 ’

247 4199 308 4256 ⁰¹7st
323 4203 375 4274 μὴν
392 4202 538 4280 Προοὴτοο
555 4213 658 4275 γέγονεν
675 4211 738 4278 υἱὸς,
756 4210 841 4262 κατὰ
857 4207 1052 4276 μαθήτριαν
1071 4205 1098 4254 δὲ
1115 4203 1231 4265 πάντως,
1256 4199 1335 4270 ἤγουν
1427 4243 1428 4268 q

246 4286 315 4338 κατὰ
328 4293 479 4360 πνεῦμα,
502 4295 575 4362 φημὶ,
593 4293 716 4366 καθάπερ
734 4294 824 4358 ἀμέλει
840 4295 884 4344 καὶ
899 4290 1028 4344 Ἐλνοοοιιὲ
1044 4293 1093 4340 τοῦ
1108 4285 1200 4338 Ἠλίου
1223 4312 1256 4324 -
1281 4282 1334 4336 attt'

246 4368 290 4432 3μῦ
306 4375 353 4433 μέν
370 4393 447 4440 φησιν
469 4378 496 4447 ἐν
517 4378 620 4438 τούτοις
646 4377 709 4431 ὄντα
736 4378 799 4436 Θεὸς
822 4375 905 4429 κατὰ
928 4375 963 4426 τὸ
986 4371 1078 4440 αὐτῷ
1102 4369 1202 4424 δοκῶν
1223 4371 1336 4422 ἐπονεῖτο

248 4454 403 4524 Προφήτην.
