2884 5138
518 310 827 378 „pa-

125 486 273 573 plenum,
295 479 436 548 nondum
457 480 626 567 quisquam
647 484 803 570 negavit,
825 503 868 563 ne
889 485 973 552 ullus
994 487 1125 574 quidem
1145 491 1218 558 tto-

123 602 327 672 manensium
347 599 529 686 doctorum,
550 599 603 685 qni
625 598 829 668 traditionem
851 603 1110 674 ecelesiasticam
1131 609 1216 678 alias

123 721 250 809 plurimi
272 712 453 806 faciunt.¹)
495 717 611 804 Aeque
633 725 754 784 eertum
783 728 853 807 est,
885 718 1102 800 Dorotheum,
1133 727 1214 812 Tyri

122 840 328 927 episcopum,
348 840 514 904 auctorem
535 834 630 920 huJus
651 835 755 921 ipsius
783 838 962 924 Synopsis,
991 843 1097 927 qualis
1118 845 1211 910 nobis

123 958 325 1024 conservata
346 959 410 1031 est,
432 971 538 1040 neque
560 971 637 1020 esse
658 972 764 1041 neque
785 956 956 1041 perhiberi.
998 959 1147 1047 Namque
1169 980 1213 1030 ex

123 1093 166 1142 ea
187 1078 300 1140 textus
321 1072 433 1158 graeei
454 1077 566 1158 perte,
593 1092 703 1159 quam,
733 1092 804 1140 cum
834 1074 1048 1143 Bibliothecis
1080 1079 1212 1146 Petrum

124 1193 225 1259 latina
236 1189 432 1257 solummodo
447 1190 627 1268 translatio,
641 1210 759 1258 recens
773 1192 899 1259 illanee
909 1193 1211 1280 satisreligioseta·
1277 1216 1279 1219 ’

123 1318 190 1392 cta,
212 1313 336 1376 inserta
358 1313 466 1387 esset,
488 1305 581 1375 Cave
602 1316 637 1374 et
657 1309 712 1374 Du
733 1311 862 1378 Fresne
884 1313 1047 1378 nobiscum
1068 1333 1211 1380 commu-

125 1431 335 1513 nicaverunt,
371 1426 533 1493 luculente
561 1436 715 1515 apparet,
746 1429 809 1496 hoc
846 1427 1011 1516 Synopsis
1045 1432 1212 1517 exemplar

123 1563 244 1635 gruere
269 1545 426 1631 scriptum
450 1552 549 1631 atque
574 1552 644 1613 tres
671 1548 704 1612 in
731 1553 842 1634 partes
869 1547 1073 1634 dispertitum
1102 1551 1211 1616 neuti-

121 1682 217 1750 quam
244 1684 266 1730 a
293 1662 460 1729 Dorotheo
489 1665 562 1750 ipso
591 1665 784 1751 proiectum,
823 1666 884 1732 seu
912 1670 1048 1750 exejus
1077 1669 1213 1755 seriptis

120 1781 377 1867 arehaeologiois
399 1791 434 1848 et
448 1782 612 1848 historicis
627 1781 816 1850 translatum
828 1783 998 1862 duntaxat,
1020 1803 1211 1871 congestum

121 1907 158 1968 et
179 1907 330 1988 tanquam
352 1919 395 1966 ex
416 1900 506 1966 fonte
528 1901 751 1988 limpidissimo
773 1902 921 1968 haustum
943 1921 1032 1968 esse.
1082 1905 1209 1984 Territa,

121 2020 225 2105 inquit
246 2018 423 2086 translator
444 2018 593 2086 Graecus
614 2021 648 2084 in
668 2018 910 2086 tinetractetns
932 2019 975 2092 ule
996 2020 1091 2086 LXX
1109 2020 1210 2089 disci-

122 2138 222 2224 pulis,
252 2135 270 2204 ri
292 2133 559 2222 τριςμακαριστος
579 2139 636 2202 καὶ
657 2134 828 2221 πανόλβιος
849 2135 1026 2226 Δωρόθεος
1047 2145 1081 2204 ἑν
1104 2137 1210 2224 Ῥώμῃ

121 2252 260 2338 γεγονώς
281 2252 336 2321 δια
354 2251 533 2338 Ῥωμαικῆς
554 2255 723 2332 διαλέκτου
744 2261 778 2320 ἐν
799 2251 1004 2338 ὑπομνήμασι
1017 2259 1209 2322 καταλέλοι-

121 2392 195 2438 πεν·
226 2371 261 2452 ἐξ
287 2363 332 2439 ὧν
357 2369 446 2455 ἡμεῖς
474 2379 672 2457 ἐρανισμένοι
698 2375 755 2438 καὶ
783 2370 861 2461 πρὸς
885 2369 1030 2440 Ἐλλάδα
1056 2375 1208 2456 γλῶσσαν

117 2488 432 2578 μεθερμηνεύσαντα
454 2493 581 2580 ἐμφανῆ
602 2499 671 2567 τοῖς
692 2493 790 2556 πᾶσιν
818 2489 1032 2575 πεποιήκαμεν
1060 2491 1117 2572 τὴν
1145 2503 1209 2558 τῶν

119 2606 147 2674 o'
169 2610 332 2692 μαθητῶν
351 2607 497 2696 ἐκλογὴν,
517 2606 632 2687 πιστὴν
652 2611 708 2674 καὶ
730 2606 843 2686 ἀληθῆ
865 2606 966 2688 αὐτὴν
977 2611 1207 2694 καταλαβόμε-

117 2752 180 2794 ror.
235 2727 337 2813 hique
364 2727 513 2795 Graecus
541 2728 606 2793 iste
636 2725 803 2794 itentidem
831 2726 985 2804 inculcat,
1019 2727 1146 2797 scilieet
1173 2735 1208 2794 ut

120 2847 344 2912 auctoritatem
372 2848 441 2912 suis
471 2844 709 2913 narrationibus
737 2847 852 2910 afferat
880 2842 1052 2921 etitem,
1084 2844 1207 2930 scripta

119 2963 221 3032 latina
242 2961 420 3045 Dorothei,
449 2965 563 3052 quibus
586 2983 664 3030 usus
686 2962 745 3043 sit,
775 2962 869 3028 motio
890 2956 1131 3048 συγγράμματα
1152 2967 1207 3026 ἐκ·

118 3082 333 3161 κλησιαστικὰ
353 3083 447 3150 modo
470 3079 684 3167 ὑπομνήματα
705 3080 798 3147 modo
818 3074 984 3167 ἱστορικὰς
1013 3076 1206 3166 συγγραφὰς

119 3201 289 3288 appellans
311 3206 345 3266 et
366 3208 480 3288 operte
501 3202 633 3281 dicens,
662 3218 733 3266 enm
757 3199 790 3264 in
814 3199 855 3262 iis
877 3215 1051 3264 enarrasse
1073 3193 1117 3262 τόι
1136 3199 1206 3282 περὶ

119 3317 182 3384 τῶν
204 3316 230 3384 o'
253 3321 416 3403 μαθητῶν
436 3323 496 3386 τοῦ
516 3328 660 3408 σωτῆρος
678 3319 736 3384 καὶ
757 3318 846 3384 ἔνθα
867 3315 1098 3391 baubantur
1112 3315 1205 3400 Προ-

117 3439 229 3524 φητών
261 3439 318 3502 καὶ
345 3437 409 3502 τῶν
433 3435 638 3506 Ἀποστὸλονν
667 3436 724 3502 τὸν
749 3436 823 3522 βίον
850 3436 1005 3514 ἐτέλεσεν,
1035 3432 1205 3518 speciatim

116 3555 217 3617 etiam
241 3556 276 3615 et
297 3552 482 3634 epirotica,
511 3575 669 3641 quaenam
690 3555 757 3619 sint
783 3551 874 3620 sedis
903 3551 1205 3638 Constantinopoli-

9 3685 10 3758 }
119 3673 217 3731 tanae
239 3665 383 3750 origines
406 3671 440 3732 et
463 3688 505 3733 ex
527 3671 612 3756 q'uali
632 3688 754 3756 genere
774 3669 1009 3753 Metrophanes
1026 3675 1204 3754 prognatus

117 3783 163 3850 sit
183 3821 226 3834 --
248 3783 332 3853 unde
355 3785 572 3872 consequitur,
594 3785 792 3874 singularum
809 3782 973 3870 Synopsis
986 3785 1126 3871 partium
1139 3789 1204 3849 tum

118 3901 276 3970 iontem
298 3909 363 3971 tum
384 3904 651 3970 collectorem
679 3901 781 3966 inisse
810 3900 982 3968 eosdem.
1032 3902 1096 3966 llio
1123 3919 1205 3965 vero

116 4021 272 4089 collector
294 4043 351 4091 our
372 4042 392 4090 a
415 4023 580 4109 plerisque
601 4019 799 4106 Aoooqmar
821 4018 956 4097 dicatur,
979 4018 1072 4104 quasi
1087 4035 1203 4083 nomen

9 4233 10 4246 ἵ
116 4141 188 4225 ejus
208 4140 328 4231 lateat,
348 4142 403 4208 vel
429 4137 760 4223 Praruouorolborn,
789 4135 884 4223 quasi
903 4134 1062 4202 Dorothei
1084 4155 1203 4223 perso·

183 4317 215 4374 8)
232 4317 316 4366 velot
332 4315 520 4365 Brttarrrrirrur
547 4311 592 4376 (de
609 4312 792 4373 scriptoribus
808 4306 1031 4374 ecclesiasticis),
1059 4309 1201 4362 &ronias

116 4395 224 4458 (huni.
241 4406 269 4451 et
285 4396 449 4462 memrot),
467 4397 566 4450 Antea.
587 4396 762 4464 Porsecinrro,
780 4395 836 4446 ulii.
