2816 5146
666 331 973 404 -rs—

275 515 441 598 gestarum
471 505 658 574 narratione
684 505 822 592 impulsu
850 511 886 574 et
914 505 1014 574 ductu
1040 505 1153 574 divino
1183 507 1275 576 laeta
1303 509 1347 574 oiri

275 633 383 696 notum
405 631 468 692 est.
512 623 686 711 Inscriptio
707 623 762 692 illa
783 623 837 692 vel
853 623 895 690 ab
909 623 1143 692 Alexandrinis
1156 627 1191 694 in
1206 629 1348 696 arumna

274 746 470 816 hebraicuve
492 740 686 828 exemplari,
709 740 794 808 unde
816 742 1068 824 transtulerunt,
1089 744 1230 812 iuventa
1252 743 1347 812 velal

275 867 357 954 ipsis
380 880 498 930 recens
520 859 632 927 addila
652 857 709 924 vel
725 859 890 944 posterius
904 859 945 926 ad
959 860 1055 928 idem
1068 860 1278 930 historiarum
1292 881 1347 928 cur·

275 981 489 1052 roborandam
511 977 658 1065 praelixa
679 993 757 1044 esse
779 983 909 1070 potest3
930 979 1009 1046 nihil
1026 999 1108 1048 veru
1121 981 1270 1070 impedit,
1289 999 1347 1068 quo

275 1103 382 1168 minus
404 1118 474 1164 eam
496 1116 554 1183 pru
576 1094 710 1181 antiqua
732 1114 771 1161 ac
792 1101 901 1162 tamen
923 1097 1025 1164 notha
1046 1097 1236 1166 habeamus.
1278 1097 1348 1185 argu

276 1225 412 1285 veteres
433 1213 689 1303 apocryphorum
711 1211 836 1282 illorum
857 1213 1017 1302 trilogiam
1039 1235 1103 1284 nun
1118 1237 1138 1284 a
1152 1215 1293 1284 Daniele
1306 1217 1346 1284 ‹le-

275 1337 447 1423 rivabant,
477 1331 538 1398 sed
560 1331 601 1398 ab
622 1331 798 1398 llabacucu
821 1333 981 1420 propheta
1004 1339 1055 1416 (ἐκ
1083 1339 1344 1423 προφητείας),

275 1475 367 1547 quem
391 1473 482 1521 suam
503 1451 545 1517 ad
567 1448 737 1518 Danielem
751 1452 783 1517 in
800 1451 902 1520 lacum
918 1453 1047 1520 leonum
1061 1455 1242 1538 conjectum
1257 1461 1344 1520 trans
1360 1440 1361 1476 ¹

273 1573 437 1650 lationem,
462 1567 602 1655 adjectis
623 1569 803 1635 historialis
824 1567 865 1636 de
887 1569 969 1637 Belo
992 1566 1258 1663 (alsasense),
1281 1539 1361 1660 qaae*

275 1694 338 1779 ipsi
359 1691 391 1758 in
413 1689 542 1756 Judaea
563 1687 697 1774 degenti
720 1687 939 1776 innotuerant,
969 1688 1074 1755 instar
1094 1687 1205 1757 Jouae
1232 1675 1338 1778 propria
1361 1722 1362 1770 p

273 1830 369 1876 manu
390 1809 495 1875 literis
519 1805 771 1875 consecravisse
793 1801 1043 1898 credebantw)
1092 1807 1210 1895 Neque
1236 1809 1336 1874 dubim

273 1946 353 1996 esse
376 1930 500 2011 potest,
535 1925 618 1990 hunc
640 1923 849 1990 Habacucum
872 1925 1024 1992 Levitam
1047 1943 1091 1990 ex
1113 1928 1274 1994 sententia
1292 1945 1338 1993 au·
1361 1941 1363 2021 ’χ

275 2044 435 2131 tiquitatis
457 2041 594 2108 eundem
616 2057 711 2120 esse,
740 2061 835 2127 quem
855 2041 1079 2131 Habacucum,
1107 2047 1199 2129 cujus
1217 2043 1338 2132 prophe

276 2163 321 2228 tia
354 2163 510 2228 canonica
539 2165 669 2250 exstat3
702 2176 802 2247 quare
830 2179 894 2227 non
923 2179 1064 2228 neeesse
1096 2162 1255 2248 habemus,
1279 2177 1335 2225 cum

274 2281 442 2367 plerisque
464 2278 773 2366 pontificiorum
795 2277 878 2344 duos
899 2277 1094 2346 llabacueus
1107 2281 1280 2368 prophotas,
1300 2293 1333 2340 ue

275 2396 531 2482 apocrypharum
553 2396 739 2461 auctoritati
756 2396 926 2483 quidquam
941 2395 1142 2486 detrahatur,
1162 2397 1331 2475 discernere,

276 2514 331 2578 vel
361 2533 431 2579 cum
460 2513 713 2600 Bertlroldo,
743 2515 796 2600 qui
823 2515 998 2583 veritatem
1028 2515 1206 2600 conjecturis
1226 2507 1324 2581 ulruit,

275 2633 486 2714 comminisci,
509 2635 635 2700 tabulas
657 2633 699 2700 de
724 2631 814 2713 Belo,
835 2631 991 2702 Dracone
1013 2641 1049 2700 et
1071 2631 1202 2700 Susanna
1220 2622 1317 2689 llata-

275 2753 346 2818 cuci
368 2752 533 2837 eujusdam
555 2770 645 2840 esse,
665 2752 767 2836 ignoti
791 2757 934 2819 ceterum
956 2751 1102 2832 huminis,
1119 2741 1317 2835 queminpro·

275 2871 405 2956 phetam
435 2871 705 2954 transmutaverit
739 2870 981 2957 interpolatoris
1010 2872 1142 2956 alicujus
1166 2855 1328 2952 posteritt'tt

275 2990 465 3076 superstitio
489 2989 544 3056 vel
566 2983 770 3078 lallacia.⁴¹)
815 2986 901 3070 Quin
923 2989 1032 3076 potius
1052 2985 1213 3072 inscriptio
1231 2981 1331 3045 istaeu

275 3115 347 3174 orta
368 3127 446 3174 esse
469 3107 608 3188 videtur,
630 3106 714 3193 quod
737 3105 943 3173 narrationes
964 3106 1005 3172 ab
1027 3105 1214 3182 Halesum,
1233 3104 1264 3164 ut
1282 3113 1335 3161 va·

276 3237 368 3291 teres
394 3227 623 3310 opinabantur,
652 3226 785 3311 primum
813 3226 958 3314 relatae,
986 3224 1177 3311 prophetica
1204 3223 1267 3306 ejas
1289 3234 1338 3280 au-

276 3343 427 3408 ctoritate
449 3343 656 3409 confirmatae
678 3348 713 3409 et
734 3342 812 3409 orali
835 3342 1008 3408 traditione
1038 3347 1234 3429 propagatae
1261 3333 1340 3400 dein-

277 3548 474 3598 decantaverim
490 3549 602 3600 librum:
630 3561 710 3613 quum
727 3552 756 3598 et
773 3547 900 3612 Origines
921 3549 950 3598 et
973 3548 1105 3598 Eusebius
1128 3550 1158 3598 et
1182 3541 1342 3610 Apollinaris

275 3632 377 3694 aliique
394 3633 573 3684 ecclesiastlci
590 3633 643 3682 virt
660 3637 688 3682 et
705 3633 831 3682 ductores
848 3633 982 3683 Graeciae
1003 3635 1066 3696 aas,
1093 3635 1124 3681 ut
1147 3631 1218 3697 dlxi,
1242 3631 1344 3678 valona

274 3728 328 3766 non
348 3717 440 3768 liabent
457 3717 525 3780 aprrd
543 3717 681 3768 Hebraeus
698 3713 859 3768 fateantur.“
875 3718 987 3768 llleron.
1004 3717 1109 3768 arnam.
1127 3728 1224 3768 comm.
1250 3717 1276 3762 iu
1292 3711 1344 3760 Dan·

276 3801 312 3850 ol.
330 3799 441 3849 eundem
459 3800 493 3850 erl
510 3802 579 3852 Dan.
597 3802 638 3868 1³,
655 3803 697 3852 till.

343 3901 390 3960 40)
406 3903 477 3951 lllnc
493 3903 522 3950 la
538 3901 684 3954 Athanasii
700 3905 818 3967 synopsi
845 3901 924 3966 (opp.
947 3901 981 3952 ll.
1007 3919 1033 3966 p.
1059 3899 1130 3963 184.)
1158 3905 1188 3953 et
1213 3891 1346 3962 Niceploa'

274 3988 464 4037 Stlclrometrla
480 3993 543 4049 post
559 3986 643 4036 libros
659 3990 693 4038 V.
711 3989 742 4037 ll.
760 3985 972 4050 ἐπιλεγομένους
988 3990 1059 4038 tuter
1082 3986 1240 4050 apocrypha
1263 3987 1346 4032 memo-

275 4075 369 4120 rantur
386 4068 501 4140 Βαρούχ,
522 4067 741 4136 Ἀιιβακοὺμ,
764 4070 879 4140 Ἐζεχιῆλ
895 4072 938 4123 καὶ
955 4069 1055 4139 Δανιὴλ
1072 4069 1282 4138 ψευδεπίγραφοι·
1304 4063 1346 4113 ΕΙ·

275 4152 367 4203 lamaci
385 4157 493 4205 numine
508 4157 574 4204 ulau
593 4156 663 4205 alluo
681 4156 804 4208 denotari
822 4160 960 4221 anianum,
984 4169 1059 4220 quam
1078 4155 1184 4206 tabulas
1202 4153 1236 4203 ule
1255 4151 1312 4200 llele
1327 4145 1347 4192 ei

276 4234 399 4287 Dracone
418 4239 572 4309 llpopprsla
588 4241 638 4290 soti
658 4237 803 4304 Ἆῆθακοὺμ
825 4245 986 4306 inscriptas,
1007 4237 1216 4291 santionem.
1244 4229 1346 4287 Psanit-

276 4321 397 4382 pigr.=v.
416 4325 447 4370 n.
464 4325 484 4372 1.
502 4339 527 4388 p.
548 4325 623 4376 lile.
657 4322 783 4389 (lluetlus
800 4339 825 4387 p.
843 4325 904 4378 ott).
940 4326 1071 4388 carpzov.
1088 4322 1191 4374 lutruo.
1209 4337 1235 4386 p.
1254 4313 1321 4372 sol.)

343 4419 388 4480 ll)
405 4423 501 4475 Daniel
518 4439 537 4489 p
563 4429 622 4478 loo.
644 4428 699 4478 loll.
718 4428 753 4478 ur.
770 4427 883 4492 sunuel,
901 4427 1006 4480 Prolus.
1024 4439 1050 4491 p.
1069 4425 1110 4476 ll.
1130 4425 1172 4475 lo.
