2776 5144
424 377 732 447 mm...

19 575 28 620 r
59 549 231 622 etiamsi
251 549 303 618 bis
324 549 500 634 omuibus,¹
521 564 622 638 quae,
648 549 703 617 hio
722 547 787 616 illie
810 563 873 642 per
900 565 1042 618 errorem
1070 547 1122 615 la-

19 691 106 754 rus,
135 671 271 760 refert,
291 669 390 738 fidem
409 669 580 757 tribuerit,
601 683 665 736 uon
686 672 795 734 nmen
817 684 857 734 oo
877 665 1044 754 indignum
1064 665 1121 734 vel

19 811 33 856 a
63 791 158 874 ejus
184 788 299 856 indole
321 793 478 854 remotum
498 787 560 854 hon
581 785 767 874 opusculum
788 799 921 854 eenoeo.
970 783 1121 871 Epipha-

19 911 96 974 ium
123 907 226 974 illum
247 902 492 988 πειτάγλωττοι
513 904 816 992 antiquitatumque,
836 901 991 990 imprimis
1012 901 1122 969 eoele-

19 1025 255 1107 raeticarum,
284 1021 563 1107 callentissimnm,
583 1023 616 1088 in
637 1023 884 1090 narratiunculis
905 1021 992 1090 nullo
1014 1019 1124 1088 habito

19 1144 223 1210 iserimino
252 1138 463 1207 admittendis
497 1141 592 1208 nimis
625 1141 753 1210 facilen
789 1147 824 1208 et
856 1142 891 1208 in
923 1138 1122 1226 temporibus

19 1257 276 1344 istinguendis
296 1277 407 1346 parum
428 1265 612 1328 accuratum
632 1259 745 1348 luisse,
765 1259 839 1346 quis
851 1248 1005 1345 ignorati
1036 1253 1122 1322 Erat

19 1379 61 1442 'ir
89 1376 276 1462 antiquus,
305 1377 460 1463 simplex,
487 1378 620 1445 divinae
639 1377 793 1444 veritatis
813 1377 953 1457 amiens,
981 1374 1043 1441 sed
1070 1374 1120 1439 si-

19 1495 81 1558 oul
104 1495 214 1562 nimis
235 1493 403 1575 credulus,
424 1514 536 1582 parurn
556 1495 776 1582 suspiciosus,
799 1494 950 1562 diacrisis
971 1492 1122 1559 subtilio-

19 1615 60 1678 is
86 1632 231 1700 expers.
275 1611 363 1680 lliuo
384 1613 417 1678 in
438 1613 592 1699 operibus
614 1614 685 1695 ejus
708 1619 758 1678 tot
772 1612 915 1693 tabulae,
935 1616 1028 1679 tanta
1042 1608 1122 1676 sub·

19 1731 95 1796 ude
119 1730 337 1796 hallucinatio
360 1736 490 1815 tamque
509 1729 722 1796 incredibiles
742 1731 797 1798 vel
818 1731 852 1798 in
873 1731 1011 1796 historia
1042 1747 1122 1796 suo·

19 1869 88 1914 rum
120 1854 308 1934 temporum
336 1866 466 1914 errores
475 1843 550 1939 6ἵ),
583 1856 618 1916 ut
644 1847 834 1934 opuseulum
861 1847 903 1914 de
935 1846 1123 1934 Prophetis,

19 1965 126 2052 quod,
151 1966 364 2051 quantumuis
385 1965 501 2034 sabulis
522 1972 667 2055 scateat,
688 1985 760 2033 enm
780 1967 832 2032 sni
853 1965 1008 2032 similibus
1029 1965 1122 2030 ineu-

19 2084 145 2150 uabula
166 2103 213 2152 ao
234 2084 416 2152 rudimenta
437 2083 628 2170 disciplinae
646 2085 896 2172 isagogicas
917 2101 1121 2170 repraesen-

19 2207 85 2284 tat,
107 2202 193 2268 wnihil
214 2203 270 2270 vel
291 2202 333 2270 ad
355 2204 626 2292 vituperationem
646 2205 719 2288 ojus
740 2203 862 2272 addere
885 2203 940 2270 vel
961 2201 1002 2268 de
1016 2202 1121 2288 gloria

21 2321 100 2403 ejus
122 2319 299 2390 detrahere
321 2323 435 2408 possit.

114 2440 248 2508 Tertii
268 2441 467 2530 argumenti,
487 2441 573 2530 qnod
595 2461 616 2508 a
638 2447 762 2528 patrum
783 2440 915 2509 silentio
937 2439 1119 2506 desuminm
1199 2484 1201 2492 ‚

26 2563 98 2636 est,
128 2557 292 2646 interpres
315 2566 387 2628 esto
412 2560 599 2630 Zebnerus.
647 2560 755 2650 „Num
782 2557 979 2646 genuinus“,
1006 2559 1121 2646 iuquit,

32 2676 169 2761 ,peripti
190 2677 284 2760 hojrrs
305 2679 351 2744 sit
372 2683 504 2758 auctor,
531 2677 631 2744 valde
652 2677 791 2761 ambigo.
825 2679 954 2762 usque
974 2677 1060 2742 enirn
1088 2676 1122 2740 in

35 2793 185 2878 operibus
206 2794 278 2875 ejus
297 2790 332 2857 id
353 2809 489 2880 usquam
509 2793 688 2878 reperitur,
708 2811 771 2860 neo
790 2799 992 2880 a'quoquarn
1013 2811 1033 2858 e
1055 2791 1121 2858 Ρι-

38 2911 140 2978 tribus
171 2913 378 2988 memoratur,
414 2929 495 2996 quos
526 2917 635 2978 tamen
665 2915 777 2979 cetera
804 2908 982 2997 Epiphanii
1010 2929 1122 2979 monu-

41 3036 147 3096 menta
164 3007 301 3118 (utpote
318 3024 501 3116 Πινάριοι,
522 3031 731 3108 Anourotum,
755 3028 1063 3116 Αναιεφαλαίωσιν,
1086 3033 1121 3094 et

46 3153 135 3214 tract.
151 3145 193 3212 du
213 3146 373 3212 mensoris
394 3165 434 3214 ae
456 3146 672 3233 ponderibus,
694 3167 756 3214 neo
777 3148 882 3215 minus
904 3147 1009 3231 ejusd.
1024 3145 1119 3234 Pby-
1226 3233 1230 3242 .

47 3266 191 3352 siolognm
211 3269 245 3332 et
265 3263 403 3332 alterum
424 3264 566 3334 libellum
587 3264 629 3331 do
651 3265 717 3331 llll
744 3265 880 3350 gemmis
906 3266 941 3332 in
968 3266 1119 3336 rationali

50 3379 200 3474 aaronis]
218 3385 325 3468 magni
347 3383 469 3452 fecisse
489 3390 526 3452 et
546 3385 661 3452 erebro
676 3383 844 3470 allegasse
857 3383 1017 3453 nominib
1045 3387 1119 3456 lio·

50 3502 245 3590 spondemus:
287 3503 408 3568 Verum
430 3507 501 3588 est,
529 3503 688 3570 neminem
709 3502 844 3570 Petrum
864 3503 936 3570 libri
964 3502 1006 3570 de
1031 3502 1120 3572 Pro-

53 3620 151 3706 phetis
169 3619 358 3684 mentionem
385 3618 511 3704 tacere,
548 3627 583 3688 at
611 3619 687 3687 inde
713 3619 756 3688 ad
784 3622 855 3706 ejus
881 3621 1021 3689 νοθείαν
1047 3620 1118 3688 lieri

58 3753 114 3802 noo
133 3741 229 3823 potest
249 3735 423 3803 conclusio.
465 3736 554 3803 Audi
572 3737 687 3827 modo,
716 3757 799 3824 quae
820 3738 854 3804 in
885 3738 990 3806 catal.
1018 3737 1117 3804 Seri-

57 3861 167 3940 ptorom
185 3851 485 3920 lleelesiastieorum
505 3855 548 3921 de
569 3853 753 3942 Epiphanio
775 3855 853 3924 dicit
880 3853 1116 3940 Hieronymus:

61 3971 296 4060 Epiphanius
319 3969 452 4058 Cypri
480 3969 719 4041 Salaminos
749 3971 987 4061 Episcopus
1015 3971 1117 4037 sori-

63 4093 137 4178 psit
154 4089 359 4183 adversum
381 4110 517 4157 omnes
537 4091 751 4160 Haereses
776 4093 904 4160 libros
925 4094 967 4156 et
992 4090 1117 4156 multa

65 4211 154 4297 otia,
172 4225 264 4296 quae
285 4208 333 4276 ab
354 4208 532 4276 eruditis
552 4215 722 4297 propter
737 4231 825 4294 res,
844 4229 865 4274 a
884 4207 1115 4294 simplicio-

121 4380 161 4440 67)
174 4381 197 4432 id
211 4380 278 4444 qood
294 4381 329 4432 ab
345 4383 380 4432 lis
397 4383 478 4446 ipsis,
499 4384 545 4447 qul
561 4385 580 4436 l.
597 4385 631 4435 de
647 4383 746 4447 oropo.
769 4379 1029 4446 pseudepigraphuru
1054 4393 1117 4436 esse

69 4465 144 4518 boant
162 4461 264 4528 (saluta
280 4462 403 4533 cavaeo,
428 4466 533 4522 oudino
549 4467 628 4534 eto),
653 4467 782 4522 anmbus
805 4463 929 4518 nmtbua
951 4466 1118 4522 caueamur·
