2884 5138
646 347 952 448 *uo-

178 551 181 560 ·
255 537 330 586 nam
350 520 423 605 ipse
444 519 654 606 tractaverit,
683 521 897 587 vehementer
925 520 1031 586 miror.
1084 517 1149 586 list
1176 519 1292 602 enim,
1326 527 1360 588 ut

256 657 299 704 ex
321 636 467 704 clausula
489 637 623 703 asiatico
646 657 734 714 more
756 639 948 724 consignata
968 633 1084 729 (quam
1108 639 1150 704 ah
1172 640 1256 725 ipso
1279 659 1360 725 pro·

256 757 371 824 lectam
395 775 458 822 non
480 750 612 845 dubito)
635 756 758 844 elucet,
789 753 976 842 Προκόπιος
1003 780 1051 832 τις
1078 765 1139 822 τοῦ
1166 757 1359 844 Πριςβυτε-

255 879 328 962 ρίου
349 872 536 957 ἠξιωμένος,
558 875 620 959 βίῳ
642 897 676 938 τε
698 880 754 940 καὶ
776 871 862 958 λόγῳ
893 871 1054 958 εὐσεβείας
1075 875 1271 962 διαπρέψας
1304 877 1361 940 καὶ

256 989 345 1076 πασῃ
372 1001 412 1077 τῇ
439 995 508 1077 περὶ
538 991 598 1070 τὰς
625 989 757 1079 γραφὰς
783 993 932 1075 ἐμμελείᾳ
961 1016 996 1058 τε
1024 995 1082 1058 καὶ
1116 997 1274 1081 ἐμπειρίᾳ
1309 991 1360 1058 ἀεὶ
1417 938 1418 1018 1

256 1111 461 1188 evocaveris,
482 1113 539 1176 καὶ
560 1107 731 1190 ἐυτυχικώς
752 1121 825 1184 ταῖς
843 1105 1035 1195 Ἱστορικαΐς
1054 1121 1274 1199 συγγραφαῖς
1302 1120 1360 1176 του

257 1265 299 1306 -·.
319 1226 493 1295 ἐπισκόπου
513 1232 570 1294 καὶ
591 1226 754 1317 μάρτυρος
774 1228 965 1312 Δωροθέου,
988 1229 1042 1315 qui
1054 1228 1137 1295 haec
1150 1231 1267 1295 omnia
1280 1248 1359 1294 con.

256 1348 380 1435 scripta
401 1348 494 1413 nohis
516 1347 654 1434 reliquit.
699 1346 829 1412 Scimus
852 1346 1001 1431 insuper,
1024 1366 1086 1433 quo
1102 1354 1256 1433 tempore
1271 1347 1356 1412 Pro-

257 1466 377 1551 copius,
399 1465 656 1553 Presbyter‚·ut
676 1465 822 1548 videtur,
845 1463 1299 1556 Constantinopolitanus3),
1322 1466 1355 1530 in
1417 1477 1419 1606 4

256 1583 404 1669 Synopsi
426 1583 661 1666 conscribenda
683 1583 919 1675 elaboraverit,
941 1583 1100 1670 siquidem
1122 1585 1157 1650 in
1180 1584 1279 1650 exitu
1298 1582 1355 1650 dc·
1418 1619 1419 1626 ι

256 1702 437 1786 gressionis
465 1701 507 1768 de
535 1703 698 1788 Byzantio
727 1704 861 1788 ejusque
900 1701 1065 1787 episcopis
1104 1702 1228 1781 refert,
1270 1702 1355 1768 haec

258 1837 301 1885 ex
322 1821 433 1886 latinis
455 1819 613 1887 Dorothei
635 1821 770 1906 scriptis
793 1838 956 1885 conversa
984 1839 1062 1887 esse
1096 1821 1286 1887 Philoxeno
1321 1828 1355 1887 et

257 1939 365 2004 Probo
389 1937 496 2023 Coss,
518 1957 557 2004 eo
581 1946 745 2025 tempore,
772 1958 835 2024 qno
856 1937 1005 2004 Joannes
1027 1940 1203 2025 episcopus
1226 1940 1352 2006 Itoma-

257 2079 319 2124 nus
343 2054 647 2142 Constantinopolin
668 2057 760 2123 venit
782 2060 828 2132 et,
849 2056 890 2122 ah
911 2056 1159 2144 archiepiscopo
1181 2057 1273 2123 urhis
1296 2077 1352 2124 ro-

257 2182 373 2264 gatus,
402 2176 491 2240 utin
514 2175 673 2240 natalitiis
696 2173 820 2240 Christi
843 2193 953 2239 secum
976 2193 1072 2240 sacra
1093 2175 1350 2257 administraret,

258 2294 320 2359 hoc
342 2292 453 2359 iacere
475 2293 594 2374 renuit,
619 2293 682 2356 nisi
705 2310 743 2357 se
766 2291 879 2358 ordine
900 2294 1027 2358 anteire
1049 2293 1181 2375 liceret,
1212 2293 1348 2380 proinde

258 2432 307 2478 ao.
332 2408 431 2499 525,
452 2411 583 2476 destino
607 2412 633 2476 l.
655 2411 834 2496 imperante
856 2405 1131 2500 (sis-527).
1175 2413 1249 2478 Hae
1270 2411 1349 2476 lites

258 2529 299 2596 dc
328 2525 508 2615 principilia
537 2532 623 2595 inter
652 2528 826 2594 ecclesiam
853 2527 1069 2614 Byzantinam
1097 2535 1131 2593 et
1167 2530 1344 2594 Romanam
1421 2567 1422 2602 ι

259 2648 451 2732 Procopium
473 2647 682 2732 impulerunt,
716 2654 750 2712 ut
772 2645 931 2712 Dorothei
959 2665 1175 2732 syngramma‚
1207 2666 1249 2712 ex
1278 2664 1340 2731 quo

259 2765 435 2852 Byzantini
465 2771 657 2850 argumenta
686 2765 862 2851 petebant,
897 2783 940 2830 ex
975 2767 1094 2832 Latino
1122 2766 1157 2830 in
1186 2763 1343 2830 Graecum
1421 2739 1422 2746 ί

260 2885 470 2971 transferret,
493 2891 526 2948 et
549 2888 681 2969 primum
704 2883 853 2969 quidem,
874 2890 909 2948 ut
930 2884 1072 2970 videtur,
1094 2890 1191 2968 caput
1211 2883 1252 2950 de
1273 2882 1344 2968 By-

214 3037 218 3044 ·
259 3004 385 3091 nautio,
414 3003 485 3088 ipso
515 3003 670 3087 temporis
700 3011 789 3068 statu
817 3003 1004 3087 flagitante,
1032 3001 1151 3070 deinde
1180 3021 1272 3089 capp.
1305 2995 1346 3066 de
1421 3043 1422 3066 ι

325 3260 539 3321 meditobar.
562 3275 585 3310 s.
604 3259 772 3325 Procopiusr
795 3260 935 3312 Pahricins
962 3259 1019 3325 (qui
1043 3262 1133 3323 partes
1156 3262 1288 3323 synopsis
1313 3257 1346 3306 de

259 3347 336 3396 LXX
360 3346 499 3404 discipulis
522 3348 550 3394 et
572 3344 624 3394 xil
648 3345 779 3407 apostolis
804 3349 865 3408 post
888 3345 986 3409 (langii
1012 3345 1157 3396 editionem
1182 3343 1347 3395 recursuum

258 3432 363 3482 curavit
379 3428 412 3476 ad
425 3429 531 3483 ,calcem
549 3429 624 3477 lihrr.
643 3429 675 3475 de
692 3432 756 3479 Vita
771 3430 856 3479 Mosis
876 3430 950 3481 itii.
968 3429 1005 3492 8)
1027 3430 1095 3478 Bihl.
1113 3429 1144 3478 Τ.
1163 3427 1221 3480 vii.
1242 3443 1265 3490 p.
1287 3428 1346 3476 566.

258 3515 437 3563 Vehementer
454 3518 543 3559 autem
561 3513 664 3562 fallitur
688 3511 818 3563 drisimir.
846 3514 970 3564 dadinus
993 3513 1033 3574 (in
1059 3513 1150 3576 „Diss
1174 3513 1208 3563 de
1232 3509 1349 3576 synopsi

259 3601 339 3648 Vitae
357 3598 563 3660 Prophetarum,
592 3597 653 3646 xil.
673 3599 720 3659 Ap.
739 3601 767 3646 et
784 3598 857 3647 Disc.
877 3599 952 3647 Lxx
969 3597 1180 3660 chrismare
1206 3601 1236 3646 s,
1263 3597 1349 3646 Dore-

259 3683 321 3732 theo
341 3683 409 3744 Tyri
427 3693 469 3740 ep.
488 3685 516 3729 et
533 3682 648 3740 martyri
665 3681 735 3730 falso
754 3683 913 3731 inscribitur
930 3689 1008 3744 ntqne
1027 3683 1159 3743 Procopio
1189 3681 1349 3742 presbytero

259 3766 290 3816 C.
310 3767 338 3814 P.
356 3765 525 3814 attribuenda
543 3777 559 3812 a
578 3766 683 3813 criticis
702 3763 854 3826 creditnr“,
872 3764 973 3815 comm.
997 3766 1029 3814 de
1054 3769 1150 3826 script.
1175 3765 1255 3814 Eccl.
1278 3763 1309 3810 Τ.
1330 3759 1348 3809 i.

258 3851 311 3898 col.
332 3848 400 3898 1³77
412 3848 500 3910 -ci),
519 3852 562 3910 qui
581 3852 690 3908 praeter
708 3849 911 3910 chronologiam
929 3863 970 3911 ep.
989 3851 1200 3911 Byzantinorom
1212 3847 1348 3898 Dorotheo

257 3935 410 3984 attributam
428 3935 586 3994 Procopium
606 3933 674 3980 aiios
692 3945 795 3995 quoque
814 3934 916 3984 indices
941 3935 1152 3995 chronologicos
1178 3937 1233 3984 tam
1259 3933 1293 3981 de
1315 3927 1347 3976 V.

257 4018 329 4066 'rest
357 4016 450 4080 rebus,
487 4029 565 4076 qiiam
592 4016 694 4064 sedium
718 4018 937 4078 patriarchalium
968 4017 1045 4081 (cod.
1072 4018 1154 4067 vind.
1180 4014 1346 4068 'theol-Gr.

256 4101 380 4152 xxxw.
407 4103 493 4151 descr.
521 4113 537 4149 a
560 4099 717 4162 Lamhecio)
745 4103 892 4161 collegisse
914 4107 993 4164 atque
1020 4105 1214 4163 conscripsisse
1242 4100 1347 4157 asserit,

257 4197 322 4247 piros
340 4186 444 4248 quidem
462 4189 490 4234 in
508 4197 583 4234 snam
601 4183 849 4246 chronographiam
872 4197 926 4236 sec.
954 4189 1002 4236 lx.
1031 4189 1246 4246 comportaverit
1270 4184 1347 4234 Nice-

256 4270 354 4330 phorus
370 4271 537 4320 Patriarcha.
572 4272 609 4319 At
625 4269 666 4317 iiii
683 4269 786 4317 indices
805 4281 858 4318 non
877 4276 941 4321 sunt
957 4273 1085 4333 Procopii
1096 4272 1205 4320 nomine
1215 4264 1347 4329 insigniti.

256 4357 291 4416 ct,
310 4355 421 4404 testibus
438 4354 602 4416 Theophane
619 4363 653 4402 ae
670 4351 791 4417 Georgio
808 4355 957 4421 monacho,
975 4367 1028 4404 non
1048 4356 1207 4418 Procopius,
1224 4352 1274 4402 sed
1291 4350 1347 4398 Do-

252 4435 370 4488 rotheus
388 4436 450 4506 περὶ
469 4434 518 4488 τῶν
536 4434 682 4488 ἐπισκόπων
700 4438 748 4487 τοῦ
768 4433 912 4496 Βυζαντίου
930 4437 973 4489 καὶ
989 4436 1073 4490 ἄλλων
1097 4439 1183 4489 τόπων
1205 4431 1346 4502 διεξῆλθεν·
