2884 5138
634 355 942 425 ...η-

242 527 376 596 habebit
397 545 474 609 eus,
493 527 549 614 qui
569 532 749 610 noverunt,
770 532 850 614 quot
868 529 1075 615 quantaeque
1094 527 1130 594 iu
1150 533 1336 616 tempesta-

243 649 331 716 tibus
351 647 435 728 illis,
454 645 572 734 quibus
593 645 736 714 ecclesia
756 646 845 712 intus
865 652 901 712 et
921 649 1018 712 extra
1038 648 1235 729 vexabatur,
1260 669 1336 716 mu·
1429 625 1430 684 ³

243 785 356 834 nerum
378 763 674 832 ecclesiasticorum
696 764 886 830 obtinebunt
906 765 1104 834 mutationes
1116 773 1217 854 aque
1230 767 1336 834 vicis

244 884 414 950 situdines
458 883 581 950 Restat
602 881 776 948 difficultas
793 883 876 962 alia,
904 902 989 970 quae
1018 883 1238 966 Dorotheum,
1267 892 1336 952 tum

243 1001 401 1089 temporis
421 1002 455 1069 in
477 999 619 1068 Thracia
646 1006 829 1080 extorrem,
860 1001 959 1088 plane
990 1022 1056 1068 non
1084 1004 1202 1089 tangit.
1249 1004 1337 1070 Nam

243 1118 450 1208 Epiphanius
464 1119 588 1212 (llaec
600 1119 724 1198 nxlx,
738 1113 788 1209 4)
808 1119 928 1199 refert,
949 1119 1174 1189 Alexandrum
1187 1119 1337 1188 Alexan-

244 1237 369 1306 drinum
384 1239 426 1306 ud
439 1239 640 1326 iupictatcm
654 1235 729 1302 nrii
741 1237 952 1305 cohibendum
965 1239 1080 1306 literas
1092 1238 1227 1308 dedisse
1239 1258 1337 1328 prae·

244 1358 339 1445 cipue
358 1363 394 1424 du
413 1358 455 1442 τῇ
476 1354 615 1440 Φοινίκῃ
640 1357 770 1438 Ζὴοοοοί
786 1379 851 1422 τινι
870 1355 1002 1443 ἀρχαίῳ
1029 1362 1065 1424 ἐν
1097 1355 1215 1448 (ilipa,
1240 1377 1337 1445 quem

245 1475 431 1562 episcopum
453 1473 537 1562 'l'yri
555 1475 657 1542 inisse
677 1473 754 1542 inde
780 1474 953 1542 evidenter
978 1481 1135 1562 apparet,
1167 1476 1252 1566 quod
1281 1477 1337 1543 in-

244 1600 297 1660 ter
318 1594 493 1680 episcopos
512 1593 699 1660 Phoenices
720 1592 842 1680 primus
864 1594 1001 1660 concilio
1021 1593 1170 1662 Nicaeno
1190 1596 1338 1662 subscri-

244 1708 387 1804 psit.³¹)
442 1709 580 1798 Ergone
604 1711 687 1779 duos
714 1711 810 1778 simul
837 1711 948 1798 Tyrus
974 1712 1151 1801 episcopos
1181 1713 1338 1805 habebat,

244 1831 299 1918 qui
320 1831 414 1896 ambo
434 1829 583 1898 Nicaeae
603 1829 752 1911 aderant,
774 1849 908 1918 quorum
930 1850 1014 1898 unus
1026 1832 1235 1920 subscripsit,
1253 1835 1339 1901 ulter
1429 1821 1430 1824 ¹

244 1966 308 2016 uon
331 1941 552 2036 subscripsit?
581 1968 676 2014 unum
698 1948 930 2031 orthodoxum,
950 1950 1175 2038 grandaevum
1196 1971 1237 2018 ac
1256 1971 1340 2039 spe-

246 2071 384 2149 ctatum,
404 2067 542 2134 alterum
562 2065 604 2132 ad
625 2075 740 2155 partes
760 2068 956 2140 Arianorum
967 2069 1176 2138 inclinantem
1194 2090 1340 2159 suaeque

247 2185 430 2266 ecclesiae,
452 2191 544 2252 certe
563 2187 651 2274 parti
672 2187 762 2270 ejus,
782 2180 1023 2274 suspeeumet
1065 2188 1237 2256 Paulinum
1256 2189 1340 2258 Ario

247 2302 442 2371 velificatum
464 2321 544 2372 esse
564 2309 663 2392 atque
682 2306 770 2371 inter
790 2303 1017 2372 orthodoxiam
1039 2314 1074 2372 et
1090 2306 1257 2393 haeresin,
1278 2308 1340 2375 lal-

246 2440 306 2488 sae
328 2424 420 2509 pacis
441 2421 632 2505 studiosum,
651 2423 772 2490 misere
788 2422 1040 2504 claudicavisse,
1060 2425 1340 2512 perspicitureli-

245 2541 328 2608 teris
349 2540 422 2606 Arii
441 2540 484 2608 ad
505 2539 683 2610 Eusebium
704 2542 997 2624 Nicomedensem,
1022 2541 1190 2630 inquibus
1218 2542 1337 2608 Pauli-

245 2678 322 2726 uum
343 2659 491 2747 aliosque
511 2659 689 2727 orientales
710 2661 886 2750 episcopos
907 2677 990 2728 suae
1016 2659 1184 2728 ducturae
1214 2678 1334 2728 assen-

244 2777 308 2844 tire
318 2795 358 2844 nc
367 2783 544 2866 propterea
559 2778 771 2844 anathema
786 2777 924 2846 factos
935 2772 1166 2872 gloriatura),
1179 2797 1275 2864 porro
1287 2799 1333 2846 ex

243 2895 350 2966 literis
370 2893 508 2966 Eusehii
529 2894 781 3006 Nicomedensis
802 2897 846 2965 ad
866 2897 1051 2984 Paulinum,
1071 2897 1106 2962 in
1126 2896 1242 2984 quihus
1264 2914 1339 2964 euru
1429 2955 1430 3000 ,

244 3013 410 3096 admonet,
442 3021 479 3082 ut
500 3015 678 3082 doctrinam
702 3009 920 3108 (Amanum),
961 3035 1060 3104 quarn
1086 3015 1254 3101 hucusque
1285 3020 1341 3082 ta·

246 3132 313 3200 cite
334 3133 465 3224 iuverit,
491 3132 647 3202 audacius
667 3133 861 3222 profiteatur
880 3136 1065 3225 acriusque,
1085 3131 1257 3202 scribendo
1276 3149 1342 3220 po-

246 3251 423 3341 tissimum,
454 3259 584 3320 tueatur
604 3271 645 3318 ac
671 3257 831 3340 propaget
842 3247 914 3343 ⁸³),
949 3251 1092 3339 denique
1125 3250 1220 3340 inde,
1253 3249 1341 3336 quod

247 3367 361 3450 Arius,
377 3388 399 3436 a
412 3369 538 3456 synodo
553 3370 780 3440 Alexandrina
789 3391 841 3437 ao.
855 3368 946 3438 321.
960 3369 1268 3454 excommunicatus,
1281 3385 1342 3455 per

245 3487 468 3555 internuncios
489 3508 510 3554 n
530 3489 720 3577 quibusdum
741 3489 926 3578 episcopis,
957 3490 1043 3556 inter
1064 3505 1146 3575 quos
1170 3486 1342 3572 Paulinus,

246 3604 353 3693 petiit,
376 3611 412 3672 ut
432 3606 495 3673 sibi
516 3608 799 3696 sectatoribusque
815 3607 886 3676 suis
897 3613 1097 3697 potestatem
1109 3625 1169 3694 pro
1182 3604 1341 3672 concione

314 3828 361 3890 dl)
379 3827 494 3882 couclll.
512 3829 641 3883 General.
658 3831 690 3882 Τ.
707 3831 742 3884 11.
760 3845 786 3898 p.
806 3831 849 3884 bt.

314 3932 361 3991 82)
375 3927 496 3998 Ἐπειδὴ,
518 3931 614 3984 scribit
631 3933 726 3997 amur,
750 3927 883 3997 Εὐσέβιος,
909 3930 924 3982 o‘
941 3928 1051 3992 ἀδελφός
1068 3945 1116 3982 σου
1133 3925 1160 3978 ἓν
1179 3925 1343 3996 Καισαρείᾳ,

245 4016 290 4070 καὶ
308 4014 435 4074 Θεόδοτος
451 4014 495 4066 καὶ
513 4015 689 4076 Παυλῖνος
704 4015 748 4066 καὶ
763 4013 924 4073 Ἀθανάοιος
940 4015 985 4066 καὶ
1008 4015 1035 4065 Γ
1033 4014 1154 4086 ρηγόριος
1177 4011 1222 4061 καὶ
1242 4009 1345 4068 ’Aturus

245 4097 289 4149 rai
305 4095 402 4158 πάντες
419 4095 445 4149 οἱ
462 4096 529 4149 κατὰ
545 4097 594 4166 τὴν
610 4097 740 4168 ἀνατολὴν
757 4101 890 4166 λέγουσιν,
912 4097 957 4151 ὅτι
979 4095 1146 4170 προῦπήρχοο
1167 4095 1182 4146 d
1207 4095 1272 4154 Θεὸς
1294 4096 1346 4146 τοῦ
1429 4133 1430 4140 1

244 4179 303 4232 otae
320 4177 444 4250 ἀνάρχως,
462 4177 587 4244 ἀνάθεμα
605 4179 738 4247 ἐγένοντο,
764 4183 824 4248 dila
841 4182 926 4246 μόνον
944 4182 1101 4248 Φιλογοοίοο
1124 4179 1218 4248 (episc.
1244 4181 1345 4230 Antio-

244 4265 338 4328 chent,
366 4278 444 4330 quem
461 4268 579 4317 insecuti
601 4269 757 4320 Eustnthlus
781 4269 950 4321 orthodoxus
972 4272 1001 4319 et
1022 4269 1152 4322 nummus
1176 4262 1345 4327 ululans)
1429 4287 1430 4292 ¹

246 4351 300 4400 eto.
335 4349 481 4414 Nicephor.
498 4354 531 4402 Η.
548 4353 581 4404 Ε.
599 4353 672 4420 vlll,
688 4355 714 4406 t.
749 4355 908 4408 Theodorlt.
926 4353 950 4421 l,
966 4355 993 4404 b.

311 4451 359 4512 tt)
375 4451 521 4516 Nicephor.
538 4453 612 4522 Vlll,
629 4453 672 4508 10.
