2884 5138
89 569 132 616 ne
154 549 195 617 alr
225 551 289 616 allo
316 548 442 634 quidem
468 553 547 614 ante
575 547 711 614 medium
740 542 922 638 aevumi¹J
952 549 1023 632 ejus
1055 530 1175 615 mentio

88 667 440 755 iiat,vn1·iaecausue
462 685 540 752 esse
563 674 716 755 possunt,
747 685 829 752 quas
860 682 1051 732 enumerare
1079 665 1176 732 nolu-

87 806 176 874 mus,
213 803 255 852 ne
287 785 438 872 legentes
471 784 641 850 fallacibus
676 784 872 868 conjecturis
908 803 1075 851 moremur.
1127 786 1175 850 At

87 903 293 990 quantumvis
314 902 432 968 nullum
454 903 587 969 Petrum
608 902 770 969 adducere
792 903 934 990 possim,
956 904 1009 990 qui
1031 919 1173 988 opuscu-

87 1023 150 1090 lum
172 1021 348 1108 Epipluanii
369 1021 502 1108 alleget,
523 1021 621 1088 habet
643 1028 751 1088 tamen
772 1023 923 1088 momenti
935 1020 1066 1108 aliquid,
1088 1018 1174 1106 quod

87 1141 291 1227 Anonymum
314 1139 503 1206 Haesehelii
532 1135 588 1230 (v.
612 1139 712 1206 vitam
734 1134 891 1230 Roseae)
919 1159 958 1206 eu
981 1159 1071 1204 nsum
1094 1157 1173 1206 esse

86 1264 225 1343 apparet
246 1259 562 1344 llynantinurumque
583 1258 775 1343 scriptorum
798 1257 934 1344 aliquot,
963 1277 1045 1343 quos
1073 1273 1173 1343 supra

86 1375 337 1456 nominavimus,
359 1394 398 1442 ec
422 1378 472 1442 usi
493 1377 654 1444 videntur.

174 1490 366 1559 Accedimus
388 1513 472 1560 nuuc
493 1495 536 1562 ad
558 1500 746 1581 quartum
768 1498 987 1581 argumentum
1009 1511 1030 1558 a
1051 1509 1173 1576 genere

87 1608 214 1677 dicendi
235 1611 380 1696 petitum.
430 1612 533 1690 „Tum
555 1614 652 1679 etiam
673 1613 839 1699 quilibet‘,
864 1611 966 1698 iuquit
988 1610 1172 1693 Zelrnerus,

7 1761 8 1764 ι
85 1729 160 1806 „vel
182 1728 390 1795 mediocriter
411 1729 444 1794 in
466 1727 644 1816 Epiphanii
665 1731 804 1797 lectione
828 1735 983 1795 versatus
1005 1729 1174 1816 utrobique

84 1831 250 1930 ingentem
271 1846 350 1932 styli
372 1847 662 1915 dissimilitudinem
682 1845 954 1915 animadvertet.“
980 1845 1072 1914 Ecce
1094 1853 1173 1933 pro-

81 1968 203 2049 jectam
225 1965 456 2050 neotericuque
478 1967 590 2032 critice
613 1964 698 2032 unud
723 1965 888 2049 indignam
916 1966 978 2031 viri
1008 1966 1084 2032 boni
1111 1985 1172 2031 au·
1229 2004 1230 2007 =

7 2047 8 2074 Χ
85 2077 231 2149 daciam!
274 2080 367 2164 Quod
390 2082 564 2150 Zchnerus
585 2083 776 2169 simpliciter
805 2083 960 2174 affirmat,
991 2085 1171 2151 rationibus

85 2201 308 2287 exemplisque
330 2199 478 2288 emissis,
510 2201 543 2268 id
566 2221 628 2287 ego
649 2202 839 2288 simpliciter
861 2219 964 2288 nego,
984 2202 1053 2268 Ἰιοο
1074 2223 1171 2268 unum

85 2315 238 2408 monens,
259 2320 371 2386 librum
393 2319 436 2386 de
457 2319 633 2406 Prophetis
653 2321 805 2388 librorum
826 2323 978 2409 περὶτῶν
1005 2320 1118 2386 λίθων
1138 2325 1173 2402 et

84 2443 129 2514 rig
154 2435 212 2504 τὸν
241 2435 444 2521 Φυσιὸλογον
470 2443 536 2506 tum
565 2440 752 2506 oeconomia
780 2457 857 2506 esse
884 2438 1076 2506 'simillimum
1106 2451 1174 2504 tum

82 2574 205 2642 genere
226 2554 357 2623 dicendi
378 2575 441 2622 nen
463 2557 660 2624 dissimilem.
704 2557 805 2642 Atqui
826 2556 897 2622 lieri
918 2557 1016 2643 plane
1029 2577 1093 2624 nun
1110 2578 1172 2644 pc-

83 2674 156 2760 tuit,
177 2680 212 2739 ut
232 2672 276 2761 id,
297 2672 381 2760 quad
402 2674 436 2738 in
458 2674 600 2742 dictione
616 2675 842 2761 Epiphanianu
859 2676 998 2740 maxime
1011 2675 1173 2760 proprium

83 2797 157 2875 est,
185 2790 247 2858 hoe
266 2793 300 2857 in
321 2791 476 2878 opusculo
498 2791 760 2878 conspiciendum
781 2809 821 2856 se
842 2790 1023 2876 praeberet.
1067 2791 1172 2857 Nam-

83 2927 147 2997 que
192 2904 240 3000 i)
260 2909 408 2977 collectio
438 2915 491 2976 est
516 2906 728 2996 παραδόσεων
756 2908 977 2982 haereditarie
1005 2928 1171 2995 propaga-

83 3035 198 3114 tarum,
220 3047 305 3115 quae
327 3027 467 3114 quidem,
488 3027 610 3095 firmam
632 3021 844 3112 stabilemque
866 3026 1018 3093 dictioms
1039 3027 1172 3095 formam

78 3150 146 3230 jam
168 3145 292 3231 pridem
314 3152 448 3227 nactae,
477 3152 614 3213 servata
635 3153 670 3212 et
691 3145 828 3212 materia
849 3151 884 3212 et
905 3145 1024 3226 forma,
1046 3164 1171 3214 memu-

84 3263 153 3330 rine
181 3263 370 3350 prodendae
400 3258 581 3356 erantl³J3
633 3258 1172 3354 2J1eptpnmuopuseunmax

82 3499 220 3568 oenjleere
236 3507 311 3566 lieet,
327 3507 396 3570 qnod
415 3510 579 3574 Augustinus
596 3505 639 3570 (ut
655 3519 690 3556 ex
704 3505 789 3570 prael.
807 3506 869 3556 libri
886 3501 946 3569 ejus
963 3505 996 3557 de
1007 3506 1172 3557 Haeresilrus

81 3589 115 3640 ad
133 3587 344 3649 Quodvrrltdeum
363 3593 487 3659 apparet)
504 3595 590 3643 nolum
607 3593 748 3654 llpllomen
767 3591 875 3640 Panarii
891 3590 966 3640 vidit

150 3687 197 3745 72)
215 3688 355 3738 zelinerus
371 3704 397 3754 p.
415 3695 441 3741 8.
467 3693 514 3754 (ci.
533 3692 592 3750 Stil:
626 3693 708 3744 certe
724 3693 805 3755 liupo
823 3691 984 3742 cardinalis
1007 3691 1047 3754 (ln
1063 3691 1170 3744 Daniel·

82 3771 108 3835 i,
126 3769 172 3835 82)
189 3773 300 3822 circiter
316 3785 414 3824 annum
432 3774 533 3824 christi
550 3775 634 3838 124⁰,
659 3775 721 3824 libri
739 3769 816 3836 nujus
833 3779 972 3826 mentione
996 3777 1086 3838 meta,
1111 3770 1171 3837 ejus

81 3861 222 3907 auctorem
239 3867 292 3907 nou
311 3859 427 3921 temere,
444 3854 589 3922 interjecta
605 3869 672 3908 rone
689 3852 866 3923 disjunctiva,
893 3860 1068 3921 Epiphaniam
1092 3857 1171 3907 illvm

82 3941 241 4003 Magistrum
257 3944 287 3991 ln
306 3944 428 3992 liisterlis
450 3943 608 4004 appellavit:
634 3943 684 3992 luae
706 3945 812 3992 ratione
836 3944 949 3994 lecturis
972 3944 1085 3992 arbitrio
1107 3953 1172 4003 per·

81 4027 232 4089 missurus,
260 4037 323 4076 unm
340 4029 435 4088 scripti
452 4020 529 4089 liujus
549 4029 681 4089 originem
698 4026 731 4075 ad
748 4028 928 4090 Epiphaniam
951 4028 995 4076 vel
1019 4024 1052 4075 ad
1079 4038 1171 4088 quem-

82 4123 187 4174 cunque
204 4111 288 4160 ulium
305 4109 543 4172 nniormgrapuum
561 4111 666 4162 reterre
681 4111 764 4164 malit·

148 4211 195 4270 ¹78)
213 4215 383 4274 Quantopere
399 4215 428 4262 in
448 4207 578 4274 ejusmodi
602 4214 698 4276 mirra,
722 4214 756 4263 de
778 4211 874 4276 quibus
896 4209 1007 4260 uadltlo
1030 4211 1173 4276 consentit,

82 4297 226 4346 nmmndln
242 4299 286 4346 rel
304 4298 387 4346 dletlo
404 4299 569 4356 consentiat,
593 4300 710 4359 perspici
726 4298 792 4348 lieet
809 4297 845 4360 (sl
860 4295 1011 4355 exemplum
1028 4293 1116 4355 cupis)
1138 4303 1173 4343 ex

81 4390 126 4443 eo,
142 4382 212 4441 qnod
230 4381 264 4432 de
280 4382 381 4432 dinemo
397 4382 522 4443 apostole
538 4380 638 4431 iisdem
654 4383 713 4430 iare
736 4381 827 4430 verbis
851 4383 963 4430 numme
987 4377 1172 4445 Hippolytus,

82 4462 234 4517 emnam
260 4469 289 4518 et
314 4467 504 4534 domiue,
536 4465 661 4529 catalogi
681 4467 841 4528 literanum.
865 4465 1002 4529 interpres
1025 4458 1170 4528 (Θυμᾶςὸ
