2884 5138
639 345 1042 420 ----ὶὶ4---Δ

252 527 324 588 stra
344 518 519 608 quaesivit,
537 516 763 606 lloymundum
783 523 928 605 accusat,
948 516 1031 603 quod
1051 515 1235 608 legentibus
1256 514 1351 609 (ne-

251 639 320 708 scio
349 646 452 705 utrum
480 635 675 704 Christianis
701 655 745 702 an
772 630 933 726 ludaeis)
959 635 1150 722 imposuerit
1178 640 1227 715 et,
1258 655 1348 722 quae

250 775 410 845 nunquam
432 756 465 822 in
488 753 613 822 Genesi
633 753 750 820 Babba
776 754 1003 842 exstitissent,
1031 773 1070 820 se
1099 754 1143 820 ilri
1170 753 1348 822 invenisse
1426 743 1427 824 l

251 875 456 944 fraudulente
488 871 701 941 simulaverit.
753 871 801 938 At
834 872 909 939 lruio
941 871 1158 938 criminationi
1191 892 1346 959 oppono:

254 987 301 1084 l)
323 991 440 1060 nullam
462 1011 591 1059 causam
614 991 749 1076 cogitari
771 1011 888 1078 posse,
919 1009 1002 1076 qrrac
1024 989 1250 1076 lloymondum
1278 990 1346 1057 im-

251 1111 380 1198 pulerit,
402 1115 437 1176 ut
459 1109 501 1176 ad
522 1109 689 1176 Habacuci
709 1115 850 1176 aetatem
873 1105 1069 1195 probandam
1092 1105 1209 1196 locum,
1231 1109 1283 1195 qui
1298 1107 1344 1176 ad

251 1228 490 1313 christologiam
511 1228 609 1314 plane
630 1227 748 1294 nullius
769 1228 922 1294 momenti
947 1232 1019 1315 est,
1050 1223 1176 1293 Genesi
1204 1227 1345 1295 Rahbae

250 1351 450 1434 supponeret
472 1345 567 1433 idque
589 1354 655 1413 tom
683 1342 800 1413 callide
830 1352 962 1431 tamque
992 1345 1166 1434 sullicitcr3
1209 1339 1257 1435 a]
1284 1365 1344 1412 re·
1427 1337 1428 1428 l

250 1483 395 1552 pugnare
415 1485 524 1533 mores
545 1465 753 1552 Raymnodi,
774 1466 828 1552 qui
850 1463 949 1530 multo
970 1462 1148 1552 simplicius
1170 1469 1205 1529 et
1226 1462 1346 1530 candi-
1427 1529 1428 1578 ,

251 1583 323 1649 dius
345 1582 413 1668 egit
433 1581 538 1650 Petro
563 1579 738 1668 Galatiae,
761 1589 895 1652 auctore
916 1581 989 1650 libri
1012 1579 1054 1650 dc
1076 1580 1206 1647 arcanis
1221 1581 1343 1650 cntho-
1428 1588 1429 1637 l

250 1701 334 1767 licac
355 1701 527 1789 veritatis,
547 1701 602 1788 qui
623 1675 771 1786 magnam
793 1705 921 1786 partem
942 1699 1100 1786 Pugionis
1122 1705 1273 1786 tanquam
1291 1701 1344 1766 sui
1428 1659 1429 1744 l

250 1817 374 1903 ingenii
395 1819 517 1884 foetum
539 1817 725 1904 turpissimo
747 1817 856 1905 plagio
879 1819 913 1884 in
933 1818 1046 1884 librum
1074 1837 1165 1883 suum
1194 1825 1344 1885 transtu·
1428 1821 1429 1832 ’

249 1935 308 2026 lit,
337 1930 386 2027 3]
408 1955 472 2003 non
494 1935 650 2003 credibile
666 1954 755 2021 esse,
777 1935 965 2023 apocrypha
979 1936 1122 2024 syriaca,
1144 1955 1227 2023 qnae
1244 1937 1344 2004 etiam

250 2055 337 2120 inter
358 2073 419 2120 nos
442 2053 572 2120 sercin
593 2053 698 2120 lucem
711 2053 897 2140 prodierunt
905 2049 1185 2144 ⁸4)‚‘Raymundo
1201 2053 1345 2144 Martini,

228 2235 231 2241 .
251 2168 464 2239 Dominicano
476 2172 714 2238 Barcinonensi
736 2167 780 2263 (li
806 2190 835 2237 c.
852 2167 991 2262 125⁰),
1005 2180 1140 2258 praesto
1154 2173 1266 2262 fuisse,
1287 2179 1344 2242 at-

251 2307 313 2378 que
333 2290 467 2376 insuper
488 2309 554 2355 non
575 2297 747 2378 constare,
777 2309 849 2356 eom
870 2294 1003 2374 praeter
1024 2291 1209 2360 hebraicam
1231 2291 1345 2360 arabi·
1429 2269 1430 2290 ¹

251 2427 384 2494 camqne
405 2407 545 2492 linguam
567 2407 739 2492 syriacam¹
757 2426 884 2495 quoque
913 2407 1083 2502 calluisse3
1125 2404 1175 2501 4)
1203 2409 1345 2498 denique

250 2525 363 2592 inesse
383 2523 431 2590 illi
445 2525 643 2610 fragmento,
666 2526 872 2611 quantumvis
894 2526 1016 2612 syriaci
1038 2533 1149 2593 textus
1165 2527 1340 2616 simillimo,

251 2648 358 2708 tamen
381 2660 446 2707 non
467 2661 571 2728 panca
587 2641 740 2726 judaicae
757 2643 891 2730 originis
904 2638 1116 2734 vestigium]
1160 2640 1252 2724 Quae
1266 2663 1339 2711 cum

251 2759 298 2824 ita
319 2759 402 2847 sint,
424 2778 490 2827 non
512 2759 622 2826 dubito
644 2760 722 2842 fore,
742 2767 778 2827 ut
799 2761 1011 2848 fragmentum
1033 2780 1053 2828 a
1072 2761 1264 2848 Raymuudo
1279 2781 1338 2827 no·
1430 2781 1431 2788 ¹

250 2877 373 2944 hiscum
394 2878 659 2945 communicatum
681 2875 855 2966 aliquando
877 2880 911 2946 in
932 2879 1074 2967 antiquis
1089 2877 1232 2946 Genesis
1244 2877 1341 2944 Rab-

251 2996 313 3063 bae
336 2994 460 3082 codd,
485 2997 539 3082 qui
560 3016 641 3063 sane
663 2997 820 3063 rarissimi
850 3005 944 3088 suot,
974 2998 1169 3064 inveniatur.
1218 2995 1342 3062 Verum

251 3121 460 3201 argumenta,
480 3133 564 3201 quae
585 3115 789 3202 protulimus,
818 3136 920 3204 usque
941 3114 983 3182 ad
1004 3115 1067 3182 hoc
1094 3119 1223 3201 tempus
1250 3120 1341 3182 certo

251 3233 414 3300 sufficiunt
440 3233 483 3300 ad
514 3233 742 3319 Ra'ymundum
770 3255 791 3301 a
817 3236 950 3302 crimine
977 3231 1101 3301 fraudis
1130 3231 1340 3300 liberandum.

252 3347 343 3438 Ergo
365 3356 519 3437 superest
540 3353 635 3417 nobis
657 3371 734 3440 pars
756 3351 933 3440 apocryphi
946 3350 987 3417 de
1001 3350 1156 3418 Dracone
1171 3351 1341 3440 chaldaici,

252 3466 342 3555 'quod
358 3467 495 3556 quidem,
509 3469 555 3535 nti
569 3488 640 3536 cum
656 3475 747 3537 textu
760 3471 888 3556 syriaco
903 3467 1171 3557 Polyglottorum,
1189 3469 1340 3536 sicetiam

254 3605 323 3655 cum
335 3604 455 3672 graeco
467 3586 955 3673 'lheodotionisadeocongruit,
970 3587 1341 3676 uthujnsipsiosrecens

253 3705 365 3773 versio
386 3703 462 3773 inde
483 3706 618 3774 duxisse
640 3707 801 3774 videatur.
846 3703 950 3773 Simul
971 3708 1033 3774 hoc
1053 3709 1270 3792 fragmentum
1290 3706 1340 3772 lo·
1428 3679 1431 3814 1

321 3927 370 3989 84)
387 3929 529 3992 northam,
545 3929 644 3984 Daniel
659 3943 686 3993 p.
704 3929 766 3992 ido.
799 3930 955 3994 lllnleltung
971 3941 998 3992 p.
1017 3925 1094 3980 1581.
1113 3925 1189 3988 laed,
1429 3953 1431 3992 ς

320 4043 367 4106 so]
384 4045 470 4096 voror
486 4016 543 4107 aba
559 4059 610 4112 pro
626 4016 684 4106 roo
701 4053 763 4111 ero,
781 4039 889 4094 ouum
904 4059 955 4112 pro
972 4039 1057 4114 aanor,
1070 4035 1102 4090 rr
1119 4055 1171 4106 pro
1187 4014 1246 4112 nrt,
1265 4039 1341 4128 arpi*

254 4157 303 4212 pro
320 4139 524 4222 oporto-oro
541 4161 591 4212 pro
609 4140 681 4214 orni,
704 4139 786 4194 oron
807 4116 913 4195 asoto
936 4159 986 4210 pro
1007 4137 1105 4193 omno
1127 4113 1241 4201 renutu,
1264 4139 1340 4191 arna

254 4251 283 4296 o
299 4243 376 4295 *ros
393 4245 549 4328 promor,
572 4241 631 4320 nup
653 4243 684 4314 ro
706 4259 755 4310 pro
777 4241 848 4318 nup
869 4243 912 4315 pt,
935 4241 1011 4296 amm
1030 4216 1098 4311 abor
1123 4257 1173 4311 pro
1197 4213 1340 4306 norrun.

254 4347 399 4399 Praeterea
416 4351 565 4414 particulae
582 4352 838 4414 syriaco-graecae
856 4343 894 4414 ll'l
918 4347 969 4417 (δέ)
992 4354 1022 4400 et
1043 4341 1089 4398 ’Ν
1113 4340 1200 4414 (γὰρ),
1222 4343 1290 4408 quud
1313 4345 1340 4392 ln

254 4431 336 4494 larg·
353 4432 431 4484 Misia
448 4432 544 4484 crebro
561 4437 706 4498 renerum,
724 4436 752 4483 ln
771 4437 845 4485 texto
861 4435 991 4500 Progronts
1007 4446 1061 4486 non
1073 4433 1191 4484 exstant.
