2884 5138
654 411 737 428 ...-
760 373 832 444 pp
875 411 958 424 ...-

259 549 371 620 ribus
390 555 558 638 propter
580 546 710 616 uerba
737 547 997 616 lectitantur.
1050 541 1258 632 Superest
1284 565 1355 612 us-

261 690 340 758 qne
367 668 507 756 hodie,
541 674 581 734 et
609 667 651 733 in
679 672 869 732 extrema
893 667 974 748 jam
1007 668 1225 730 senectute
1259 659 1356 756 (So-

265 791 375 876 phron.
397 783 537 876 telcorei‘
550 783 789 874 ἐσχατόγηρως)
810 784 937 848 ucria
958 782 1073 848 cudit
1094 799 1229 868 opero.
1286 783 1356 849 Hic

260 905 423 986 sciscitor,
447 905 476 970 si
498 901 671 990 Hoodproo
693 896 1006 992 etzryxopovtvae)
1028 920 1098 966 cum
1114 899 1354 968 Panariildru-

261 1019 480 1110 sopotecluse
517 1022 629 1088 demas
664 1017 836 1110 [nimirum
873 1019 956 1086 haec
988 1019 1140 1085 librorum
1176 1019 1355 1086 adversum
1425 1101 1426 1122 ἶ

264 1143 435 1208 Haereses
465 1141 592 1206 nomine
626 1139 795 1226 complecti
824 1136 955 1205 videtur
985 1133 1163 1227 Hieron),
1194 1157 1355 1224 quaenam

265 1261 333 1326 sint
353 1260 409 1326 illa
429 1258 579 1340 „multa
599 1276 646 1324 ac
667 1259 781 1323 varia
802 1261 966 1345 opero“,
985 1275 1069 1342 quoe
1083 1255 1355 1344 praetereaEpi-
1425 1341 1426 1344 Ἴ

264 1377 402 1464 phanias
430 1366 633 1462 composuit?
676 1375 876 1442 Remanent:
924 1370 969 1465 l]
996 1376 1025 1442 l..
1044 1377 1114 1460 περὶ
1141 1380 1265 1460 μέτρων
1294 1377 1354 1440 καὶ

263 1496 443 1576 marinna·
486 1491 534 1583 2)
561 1493 583 1558 l.
606 1495 676 1580 arpi
704 1495 767 1558 reio
793 1491 839 1578 ιβ’
870 1494 978 1558 iidoc
1003 1489 1075 1582 (de
1104 1489 1354 1583 lapidibus),
1425 1555 1426 1598 ἶ

264 1612 409 1681 Diodoro
432 1633 482 1699 ep.
506 1612 589 1699 Tyri
611 1606 697 1702 (non
720 1607 840 1702 Tarsi)
861 1606 1103 1700 inscriptustt)
1135 1617 1169 1676 et
1197 1613 1238 1678 ιιΙι
1269 1611 1354 1676 Hic-

264 1751 398 1819 ronymo
427 1749 466 1797 ao
496 1729 652 1796 Facundo
680 1728 722 1795 ad
757 1727 976 1817 Epiphanium
1010 1735 1175 1796 auctorem
1210 1728 1354 1815 relatus3

265 1845 313 1940 3)
335 1849 354 1914 Ι.
377 1854 422 1926 εἰς
449 1845 507 1914 cdo
536 1845 757 1930 Φυσιόλογοιι,
787 1849 841 1934 qui
870 1854 924 1914 esi
950 1849 1037 1915 inter.
1063 1844 1354 1933 ἀμφισβητούμενα

264 1976 300 2036 et
321 1967 518 2054 neutiquam,
539 1972 574 2032 ot
596 1965 769 2032 himerus
791 1965 893 2052 lingit,
915 1985 936 2032 a
957 1966 1111 2033 Patribus
1133 1966 1355 2032 crebro-olle-

264 2093 369 2172 gatnr.
414 2084 517 2171 Atqui
538 2085 621 2152 haec
643 2085 722 2167 tria,
751 2084 906 2152 assumtis
928 2085 1133 2171 paucissimis
1154 2083 1235 2167 illis,
1258 2103 1355 2170 qnae,

264 2225 335 2274 cum
356 2223 377 2272 a
397 2203 569 2271 veteribus
590 2205 746 2284 citentnr,
776 2199 890 2269 relicta
912 2202 1005 2268 nobis
1027 2221 1094 2268 non
1115 2209 1208 2288 sunl,
1229 2203 1355 2270 multa

265 2343 306 2394 ao
319 2324 441 2391 varia
455 2322 520 2389 dici
533 2341 597 2388 non
612 2324 758 2408 possunt.
793 2321 1012 2388 Necesseest
1026 2321 1134 2407 igitur,
1157 2315 1193 2386 nt
1206 2319 1354 2409 Epiplra·

265 2443 339 2509 nius
359 2441 425 2508 alia
446 2459 573 2528 quoqne
601 2439 775 2527 scripserit
802 2444 837 2505 et
864 2445 960 2507 ante
987 2448 1022 2508 et
1051 2445 1146 2526 post
1171 2440 1354 2530 absolutum

264 2559 458 2646 Hieronymi
480 2555 750 2651 catalogorum),
780 2577 885 2647 neque
907 2580 969 2649 ego
998 2559 1092 2627 video
1099 2555 1111 2648 ,'
1140 2556 1248 2646 quidni
1277 2575 1350 2624 com

264 2679 330 2746 alia
351 2677 514 2764 quaedam·
530 2678 563 2743 in
593 2672 697 2744 Godd.
724 2677 861 2745 latentia
884 2680 1029 2766 itemque
1055 2697 1076 2746 a
1101 2675 1269 2744 veteribus
1297 2679 1349 2740 si·
1425 2689 1426 2700 ¹

265 2787 365 2864 lentio
387 2797 638 2883 praetermissa,
669 2804 734 2863 tum
757 2797 943 2882 opusculum
965 2798 1007 2864 de
1038 2793 1212 2881 Prophetis
1241 2794 1352 2860 horum

264 2915 453 2981 innumero
481 2933 559 2980 esse
587 2915 703 3001 possit.
754 2912 879 2996 Quodsi
906 2935 986 2983 vero
1014 2916 1076 2981 hoo
1102 2915 1143 2980 ab
1170 2911 1352 3000 Epiphanio
1425 2995 1426 2998 Ἴ

266 3039 385 3102 exacta
402 3035 470 3118 jam
491 3039 620 3119 aetate,
651 3040 742 3100 certe
771 3040 847 3120 post
874 3052 903 3099 a.
934 3031 1034 3121 374,
1063 3033 1260 3099 elaboratum
1289 3036 1355 3122 est,

155 3235 159 3244 p
266 3153 395 3219 minime
424 3151 537 3220 mnum
565 3152 658 3217 nobis
686 3152 797 3233 videri¹
821 3151 936 3237 debet,
970 3149 1053 3238 qnod
1081 3169 1186 3237 neque
1215 3150 1351 3235 abipso

267 3271 300 3336 in
323 3270 474 3356 operibus
495 3270 568 3336 istis
591 3270 780 3355 maJoribus,
807 3289 913 3356 neque
934 3270 975 3337 ab
997 3269 1197 3356 Hieronymo
1221 3285 1351 3353 nsquam
1425 3295 1426 3306 ι

267 3395 541 3477 commemoretur,
563 3390 613 3455 cni
634 3391 734 3476 plane
754 3389 898 3474 ignotum,
915 3389 1077 3456 mansisse
1093 3383 1245 3474 pictav)
1289 3380 1352 3451 Cur

335 3661 382 3721 68)
401 3663 474 3712 Haec
492 3661 544 3712 duo
561 3665 664 3726 scripta
681 3667 743 3715 sunt
760 3665 838 3714 annis
854 3664 905 3713 878
916 3690 943 3702 -
954 3662 1012 3713 374.
1060 3659 1156 3712 suidas
1173 3659 1220 3723 (ex
1236 3659 1347 3719 Sophro-

266 3743 336 3811 nlo):
372 3737 439 3796 κατὰ
455 3749 545 3800 πασῶν
560 3751 612 3800 τῶν
629 3748 749 3816 αἱρέσεων
765 3749 865 3811 λόγους,
882 3742 1044 3818 ἅΠανάρια
1061 3749 1189 3810 λέγονται.
1225 3745 1262 3792 st
1285 3744 1351 3792 Plio·

268 3833 334 3882 tlus:
366 3826 523 3900 ’Aruvpmee
540 3828 648 3894 σύνοψις
665 3829 749 3902 ὥσπερ
766 3834 818 3884 τῶν
835 3832 977 3903 Παναρίων
993 3827 1154 3901 ὑπάρχουσα.

234 3979 237 3988 ,
266 3949 270 3960 ·
334 3932 380 3992 de)
398 3933 437 3982 Le
455 3933 555 4000 oulen,
572 3932 669 3984 Oriens
686 3935 788 3986 Christ.
806 3936 837 3984 Τ.
854 3936 890 3984 11.
908 3947 932 3984 c.
951 3933 1002 3984 805
1020 3945 1044 3982 s.

334 4031 383 4090 to)
400 4033 433 4082 H.
444 4044 468 4081 e.
479 4045 505 4082 a.
516 4033 582 4095 ³923
600 4039 721 4085 mortuus
736 4038 779 4084 est
790 4040 880 4086 autem
889 4035 981 4099 epiph.
991 4044 1033 4083 ao.
1041 4029 1101 4093 40³,
1113 4031 1225 4080 Hieron.
1235 4037 1278 4079 ao.
1288 4014 1352 4089 lid·

334 4119 382 4190 ἱ71)
398 4133 486 4182 Etiam
512 4134 531 4183 l.
563 4132 624 4203 περὶ
653 4133 737 4186 tiemo
769 4137 950 4198 Hieronymus
984 4137 1060 4185 corto
1094 4133 1269 4197 lgnorassct‚
1302 4129 1352 4178 misi

267 4219 326 4280 ipse
354 4217 518 4282 Epiphanius
543 4219 614 4269 lrunc
639 4222 667 4270 oi
690 4221 762 4271 dono
788 4220 914 4270 dedisset.
963 4219 1146 4280 Hieronymus
1177 4217 1205 4264 ln
1240 4212 1350 4264 xxllx.

268 4298 385 4349 linceio:
438 4304 544 4364 super
577 4303 700 4366 quibus
734 4303 903 4369 (lapidibus)
938 4305 974 4352 et
1011 4304 1068 4353 vir
1101 4303 1245 4350 sanctus
1280 4298 1352 4360 Epi·

268 4383 412 4447 pharius
425 4386 620 4451 Episcopus
636 4391 810 4452 proprium
827 4389 988 4439 volumen
1005 4388 1087 4437 milii
1105 4395 1271 4449 praesens
1289 4385 1353 4432 tra·

267 4465 366 4518 didit.
401 4469 487 4529 Quam
510 4471 621 4522 difficile
641 4473 740 4539 foculo,
762 4473 848 4525 libros
869 4466 999 4538 ejusmodi
1023 4473 1078 4524 sllrl
1100 4479 1273 4532 comparare,
1295 4465 1354 4516 inde
