2884 5138
513 379 819 448 ...53—

116 551 313 642 praesertim
335 567 423 640 cum,
453 550 537 616 sieut
566 549 729 636 Origenes
759 559 873 620 contra
903 553 1090 622 Africanum
1118 561 1209 622 recte

117 671 367 754 animadvertit,
398 669 502 754 ipsam
530 669 659 736 Novum
688 668 935 738 Testamentum
962 673 1147 756 traditionis
1175 673 1209 741 in
1313 671 1317 678 ’

116 788 228 856 moitis
249 787 464 854 veracitatem
486 787 698 875 testificetur3
720 789 843 856 sivero
862 791 982 876 negligi
1000 811 1063 857 non
1077 791 1210 875 debeat,

118 927 192 975 eam
219 903 413 978 accuratiori
441 905 648 992 inquisitione
678 925 755 973 esse
790 905 1022 999 dignissimam.
1077 909 1208 977 Deinde

118 1042 250 1113 omnes,
272 1021 379 1110 quoad
401 1023 488 1111 scio,
516 1023 570 1110 qui
592 1021 633 1088 de
654 1023 829 1091 Habacnco
852 1025 1054 1112 scripserunt
1082 1025 1208 1120 (exce-

118 1145 185 1232 ptis
207 1140 411 1231 paucissimis
434 1141 607 1230 nonnuliis,
629 1143 692 1232 qui,
713 1143 807 1230 quasi
827 1144 892 1230 ipsi
914 1150 1012 1212 totam
1025 1145 1208 1232 sapientiae

118 1282 236 1350 ganam
257 1260 370 1327 nescio
392 1259 479 1326 unde
500 1266 668 1346 acceptam
690 1261 751 1326 soli
773 1261 980 1346 possideant,
1002 1263 1208 1329 traditionem

118 1391 187 1447 tum
210 1379 486 1444 historicam'tum
507 1377 778 1445 hermeneuticam
801 1386 1018 1465 aspernantur
1038 1388 1074 1447 et
1094 1380 1220 1448 sedulo

122 1502 261 1583 cavent,
290 1513 333 1561 ne
354 1495 471 1561 alienis
501 1497 631 1582 propria
655 1491 846 1586 inquinent)
876 1516 933 1578 ea,
963 1517 1048 1584 quae
1077 1497 1207 1565 traditio

121 1615 286 1703 perhibet,
307 1619 399 1680 certe
420 1611 558 1679 strictim
580 1612 777 1702 attigerunt3
805 1631 907 1699 quare
927 1615 1010 1682 haec
1031 1617 1152 1697 omnia,
1174 1623 1210 1682 ut

118 1754 183 1802 uno
205 1733 240 1800 in
260 1737 439 1818 conspectu
464 1731 675 1810 habeantur„
693 1731 725 1795 in
749 1749 843 1797 unum
865 1752 1045 1818 congerere
1075 1735 1208 1802 critice-

118 1871 183 1942 que
203 1850 403 1938 perlustrare
431 1867 552 1935 operae
579 1848 718 1934 pretium
746 1867 826 1916 esse
849 1831 1008 1934 judicavi.
1056 1852 1208 1940 Denique

119 1969 262 2049 confido,
291 1968 375 2034 hanc
395 1965 579 2033 traditionis
595 1967 750 2052 judaicae
771 1972 805 2034 et
826 1969 1076 2038 ecclesiasticae
1104 1990 1209 2058 expo-

119 2089 271 2155 sitionem
293 2105 425 2152 causam
447 2086 638 2171 exstitisse,
661 2091 781 2152 utnon
803 2104 926 2173 pauca,
945 2107 1028 2173 quae
1051 2089 1208 2156 hactenus

118 2207 173 2274 vel
195 2206 292 2293 plane
314 2204 467 2290 neglecta
487 2203 543 2270 vei
564 2210 655 2270 certe
674 2205 932 2294 ievitertantum
949 2210 1090 2272 tractata
1105 2214 1208 2291 erant,

119 2323 306 2410 diligentius
328 2341 348 2390 a
369 2341 421 2389 me
442 2322 732 2408 investigarentur.
772 2321 936 2408 Particuia
956 2341 1037 2389 vero
1054 2323 1209 2412 secunda,

120 2462 215 2531 quam
237 2441 310 2508 huic
328 2441 462 2528 primae,
484 2441 512 2506 si
529 2440 623 2528 Deus
634 2441 770 2530 juverit,
792 2417 885 2506 brevi
898 2437 1065 2530 addemus,
1086 2441 1208 2530 reipsa

119 2561 292 2652 ostendet,
321 2578 453 2647 operam
475 2565 618 2625 nostram
640 2579 706 2626 non
735 2559 856 2654 irritam
885 2577 926 2626 nc
956 2559 1120 2648 sterilem,
1146 2559 1208 2628 sed

119 2679 230 2746 utilem
253 2679 511 2764 fructuosamque
532 2678 644 2745 fuisse.
