2884 5138
485 371 791 442 ...59η

88 561 258 624 monam,
281 543 487 620 utilissimam
508 545 625 632 plane,
653 546 750 614 modo
769 547 960 632 genuinam,
985 547 1020 614 in
1039 563 1080 616 ac
1101 561 1182 614 con·

87 664 242 734 timerent
286 663 405 732 totius
425 663 625 749 imposturae
646 663 803 750 originem
824 682 870 732 ex
896 665 969 752 ipso
997 664 1183 752 fragmento

88 777 198 874 [quod
227 799 272 850 ex
300 781 427 850 duobus
455 778 557 850 codd
588 781 802 850 Baroocianis
829 782 976 851 exhibuit
1006 777 1184 873 Correus]

87 919 206 972 eruere
226 901 324 988 licet,
346 917 431 987 quae
452 919 516 968 non
537 899 603 969 odia
624 879 772 990 videtur,
792 920 887 989 quam
914 896 1184 991 πολυθρύλλητος

86 1018 147 1088 illa
166 1018 253 1088 inter
272 1016 388 1086 sedern
409 1017 589 1086 Romanam
611 1025 645 1088 et
667 1013 733 1086 ΟΡ.
755 1021 801 1089 de
819 1020 1183 1111 apotamosoptpcou-

88 1137 205 1208 tentio·
246 1135 286 1204 1d
306 1137 412 1224 ipsum
427 1131 593 1222 couneus,
614 1137 752 1208 historia
767 1140 840 1222 ejus
854 1139 1075 1208 contentionis
1086 1136 1184 1224 paulo

87 1254 190 1326 altius
208 1255 366 1340 repetita,
388 1254 545 1324 evincere
566 1255 677 1324 studet
697 1263 748 1335 et,
767 1254 892 1343 nonde,
913 1263 948 1324 ut
970 1245 1099 1342 cens‘et,
1121 1274 1180 1323 sa-

88 1374 136 1440 tis
158 1372 309 1460 detecta,
326 1379 448 1440 certum
469 1379 533 1458 est,
555 1374 669 1461 inquit,
688 1393 900 1462 quaecunque
920 1377 1108 1463 scriptores
1124 1393 1182 1442 rc·

91 1492 255 1560 centiores
275 1489 436 1562 derebus
458 1491 520 1560 hoc
541 1497 685 1563 tractatu
705 1493 893 1562 memoratis
927 1493 1120 1562 tradiderint
1146 1497 1184 1561 et

91 1607 153 1676 snb
174 1608 323 1698 specioso
344 1610 556 1680 venerandae
584 1611 763 1682 vetustatis
788 1612 917 1681 nomine
944 1612 1038 1680 nobis
1065 1613 1182 1682 obun-

89 1725 213 1808 serint,
235 1746 302 1794 non
322 1727 365 1795 ad
385 1729 481 1800 aliam
502 1729 673 1816 originem,
695 1748 789 1818 quam
812 1732 1016 1822 Anonymnm
1037 1735 1183 1802 nostrum

89 1863 169 1914 essa
191 1845 370 1913 referenda.

174 1965 222 2030 At
240 1981 322 2032 vcro
343 1964 426 2031 haec
447 1959 584 2043 Gavaei,
605 1967 670 2032 viri
690 1974 835 2036 ceterum
860 1966 1040 2034 doctissimi
1062 1984 1103 2034 ac
1125 1985 1184 2033 sa-

91 2082 270 2169 gacissimi,
294 2082 390 2149 crisis
411 2101 476 2168 npn
498 2081 582 2150 satis
604 2082 701 2169 piane
722 2084 805 2170 irngi
825 2103 865 2152 ac
888 2085 998 2151 sobria
1010 2101 1088 2151 esse
1106 2083 1185 2149 mihi

90 2200 240 2292 videtur3
261 2200 421 2288 siquidem
441 2198 568 2269 modum
589 2201 739 2284 excedit,
766 2207 801 2272 et
821 2202 930 2270 libello
953 2207 1066 2288 utpote
1088 2201 1184 2269 iabu-

92 2317 154 2386 lori
174 2323 309 2397 offensa,
329 2320 447 2387 nodum
468 2339 534 2387 nou
555 2325 621 2386 tom
644 2322 785 2388 solerter
796 2320 906 2403 solvit,
928 2341 1023 2409 qnam
1036 2319 1185 2388 violente

92 2434 260 2504 discindit.
307 2433 381 2524 Ego
408 2457 506 2521 vero,
536 2439 711 2507 cautiorem
739 2442 1004 2528 nequioremque,
1030 2445 1185 2528 qnantum

89 2562 217 2642 potero,
238 2555 404 2644 Synopsis
426 2557 525 2624 crisin
546 2557 769 2638 instituturus,
792 2559 979 2646 priusquam
998 2559 1106 2647 istum,
1129 2555 1186 2644 qui

90 2673 228 2762 dicitur,
268 2673 593 2742 Pseudodorotheum
628 2675 845 2764 disquisitioni
880 2676 1063 2770 subjiciam,
1102 2675 1185 2740 haee

90 2787 228 2863 Cavaeo
250 2797 286 2862 et
305 2793 367 2878 eis,
389 2793 443 2880 qui
464 2795 538 2878 ejus
558 2795 745 2862 sentcntiae
765 2793 1017 2882 adstipulantur,
1036 2811 1184 2879 oppono:

93 2905 144 3004 1)
165 2907 307 2978 Etiamsi
327 2929 440 2978 verum
462 2911 517 2992 sit,
540 2910 833 2978 commentariolum
853 2911 941 2977 ilium
962 2912 1034 2998 περὶ
1055 2909 1186 2992 Βύζαν-

90 3053 148 3110 τος
167 3031 225 3096 xci
246 3031 310 3096 τῶν
330 3026 511 3098 ἐπισκόπων
532 3025 636 3098 αὐτοῦ
656 3031 799 3116 spurium
828 3036 864 3096 et
891 3028 1067 3117 partium
1096 3034 1185 3096 stn-

92 3147 160 3216 dio
180 3149 325 3234 genitum
346 3165 441 3230 esse,
472 3149 505 3215 in
533 3149 668 3237 reliquis
696 3157 805 3215 nmen
834 3148 1000 3234 Synops'us
1028 3148 1185 3234 partibus,
1291 3140 1296 3156 '

95 3265 196 3334 veiuti
216 3267 250 3336 in
271 3275 368 3356 parte
389 3263 431 3334 de
453 3265 649 3356 Prophetis,
667 3265 734 3333 tale
755 3265 894 3354 partium
915 3265 1056 3333 studium
1077 3283 1185 3355 neque
1281 3301 1285 3309 ·

93 3388 298 3474 conspicuum
320 3391 393 3466 est,
415 3405 523 3473 neque
549 3385 726 3455 tabularum
754 3403 875 3484 recens
900 3385 1124 3471 fingendarum
1151 3389 1186 3452 et

91 3505 225 3590 antiqno
246 3503 379 3588 martyri
401 3506 684 3590 supponendamm
706 3525 807 3572 causa
828 3523 906 3572 esse
928 3510 1067 3590 poterat.
1116 3503 1185 3569 lm-

92 3625 248 3706 posturae
270 3619 368 3702 igitur
390 3621 479 3706 origo
501 3641 522 3690 a
544 3619 678 3690 Cavaeo
699 3623 860 3712 indicata,
888 3623 1017 3691 etiamsi
1044 3623 1077 3688 in
1105 3640 1186 3709 par-

95 3743 162 3800 tem
189 3731 354 3822 synopsis
382 3733 502 3802 cadere
528 3744 691 3824 potest,
724 3741 758 3806 in
788 3747 888 3807 totam
916 3748 1024 3809 tamen
1057 3740 1187 3807 minime

96 3850 196 3935 cadit,
217 3853 410 3938 praesertim
434 3871 504 3918 cum
524 3853 674 3938 singulae
695 3851 861 3943 Synopsis
884 3869 996 3948 partes
1017 3877 1081 3926 non
1103 3876 1187 3923 cou-

95 3969 203 4050 tinuo,
233 3970 294 4038 sed
325 3971 465 4041 seorsim
497 3969 685 4040 elaboratae
712 3974 790 4040 sint
832 3970 881 4068 2)
910 3973 1004 4058 Quod
1033 3975 1187 4042 Cavaeus

94 4087 185 4173 dicit,
206 4089 388 4176 scriptores
408 4090 624 4178 recentiores,
645 4109 855 4179 quaecunque
876 4094 1038 4162 derebus
1060 4093 1093 4158 iu
1115 4090 1186 4178 Sy·

95 4207 191 4294 nupsi
211 4207 399 4276 memoratis
420 4208 624 4298 tradiderint,
645 4229 689 4277 ex
702 4211 764 4278 trac
776 4211 861 4300 ipsa,
882 4231 945 4278 uon
962 4229 1005 4278 ex
1019 4210 1110 4276 fonte
1124 4227 1187 4276 an-

95 4323 233 4416 tiquiore
255 4325 418 4406 hausisse,
442 4327 657 4396 confidentius
679 4327 858 4397 dictumue
881 4329 978 4416 plane
992 4327 1105 4398 salsum
1122 4335 1186 4398 est.

94 4444 198 4514 Nemo
219 4444 355 4533 negabit
361 4447 513 4536 ,aliquot
533 4449 729 4535 scriptorum
748 4449 963 4520 recentiorum
983 4446 1059 4518 inde
1078 4466 1100 4514 a
1117 4466 1183 4516 sec.
