<?xml version="1.0" encoding="UTF-8"?>
<!DOCTYPE html PUBLIC "-//W3C//DTD XHTML 1.0 Transitional//EN"
    "http://www.w3.org/TR/xhtml1/DTD/xhtml1-transitional.dtd">
<html xmlns="http://www.w3.org/1999/xhtml" xml:lang="en" lang="en">
 <head>
  <title>
</title>
<meta http-equiv="Content-Type" content="text/html;charset=utf-8" />
  <meta name='ocr-system' content='tesseract 3.04.00' />
  <meta name='ocr-capabilities' content='ocr_page ocr_carea ocr_par ocr_line ocrx_word'/>
</head>
<body>
  <div class='ocr_page' id='page_1' title='image "./dehabacuciproph00deligoog_0045.png"; bbox 0 0 2816 5146; ppageno 0'>
   <div class='ocr_carea' id='block_1_1' title="bbox 265 533 1387 4057">
    <p class='ocr_par' dir='ltr' id='par_1_1' title="bbox 265 533 1386 2521">
     <span class='ocr_line' id='line_1_1' title="bbox 265 533 1368 627; baseline -0.007 -18"><span class='ocrx_word' id='word_1_1' title='bbox 265 557 333 609; x_wconf 90' lang='lat' dir='ltr'><strong>non</strong></span> <span class='ocrx_word' id='word_1_2' title='bbox 355 541 452 608; x_wconf 88' lang='lat' dir='ltr'><strong>molto</strong></span> <span class='ocrx_word' id='word_1_3' title='bbox 472 546 549 627; x_wconf 91' lang='lat' dir='ltr'><strong>post</strong></span> <span class='ocrx_word' id='word_1_4' title='bbox 569 539 827 608; x_wconf 82' lang='lat' dir='ltr'><strong>Theodotioncm</strong></span> <span class='ocrx_word' id='word_1_5' title='bbox 848 537 931 605; x_wconf 85' lang='lat' dir='ltr'><strong>vixit</strong></span> <span class='ocrx_word' id='word_1_6' title='bbox 967 543 1002 602; x_wconf 87' lang='lat' dir='ltr'><strong>et</strong></span> <span class='ocrx_word' id='word_1_7' title='bbox 1029 533 1282 622; x_wconf 81' lang='lat' dir='ltr'><strong>propemodum</strong></span> <span class='ocrx_word' id='word_1_8' title='bbox 1310 536 1368 622; x_wconf 82' lang='lat' dir='ltr'><strong>ejus</strong></span> 
     </span>
     <span class='ocr_line' id='line_1_2' title="bbox 267 652 1368 746; baseline -0.007 -20"><span class='ocrx_word' id='word_1_9' title='bbox 267 659 414 746; x_wconf 86' lang='lat' dir='ltr'><strong>aequalis</strong></span> <span class='ocrx_word' id='word_1_10' title='bbox 434 663 505 745; x_wconf 86' lang='lat' dir='ltr'><strong>est,</strong></span> <span class='ocrx_word' id='word_1_11' title='bbox 524 655 692 727; x_wconf 83' lang='lat' dir='ltr'><strong>ilentidem</strong></span> <span class='ocrx_word' id='word_1_12' title='bbox 715 657 848 738; x_wconf 88' lang='lat' dir='ltr'><strong>testari,</strong></span> <span class='ocrx_word' id='word_1_13' title='bbox 869 675 907 722; x_wconf 90' lang='lat' dir='ltr'><strong>se</strong></span> <span class='ocrx_word' id='word_1_14' title='bbox 928 673 969 722; x_wconf 89' lang='lat' dir='ltr'><strong>ea</strong></span> <span class='ocrx_word' id='word_1_15' title='bbox 989 652 1189 742; x_wconf 78' lang='lat' dir='ltr'><strong>apocrypha</strong></span> <span class='ocrx_word' id='word_1_16' title='bbox 1215 673 1290 721; x_wconf 92' lang='lat' dir='ltr'><strong>non</strong></span> <span class='ocrx_word' id='word_1_17' title='bbox 1310 655 1368 720; x_wconf 80' lang='lat' dir='ltr'><strong>solt</strong></span> 
     </span>
     <span class='ocr_line' id='line_1_3' title="bbox 267 770 1366 854; baseline -0.005 -10"><span class='ocrx_word' id='word_1_18' title='bbox 267 777 304 844; x_wconf 90' lang='lat' dir='ltr'><strong>in</strong></span> <span class='ocrx_word' id='word_1_19' title='bbox 325 773 568 854; x_wconf 79' lang='lat' dir='ltr'><strong>Alexandrina,</strong></span> <span class='ocrx_word' id='word_1_20' title='bbox 593 776 655 844; x_wconf 92' lang='lat' dir='ltr'><strong>sed</strong></span> <span class='ocrx_word' id='word_1_21' title='bbox 676 777 774 844; x_wconf 89' lang='lat' dir='ltr'><strong>etiam</strong></span> <span class='ocrx_word' id='word_1_22' title='bbox 795 775 828 841; x_wconf 95' lang='lat' dir='ltr'><strong>in</strong></span> <span class='ocrx_word' id='word_1_23' title='bbox 854 775 1009 842; x_wconf 75' lang='lat' dir='ltr'>versione</span> <span class='ocrx_word' id='word_1_24' title='bbox 1035 770 1294 840; x_wconf 81' lang='lat' dir='ltr'><strong>Theodotionia</strong></span> <span class='ocrx_word' id='word_1_25' title='bbox 1321 791 1366 838; x_wconf 90' lang='lat' dir='ltr'><strong>ro·</strong></span> 
     </span>
     <span class='ocr_line' id='line_1_4' title="bbox 268 888 1367 985; baseline -0.005 -23"><span class='ocrx_word' id='word_1_26' title='bbox 268 897 416 985; x_wconf 68' lang='lat' dir='ltr'><strong>perisse,</strong></span> <span class='ocrx_word' id='word_1_27' title='bbox 458 888 508 984; x_wconf 81' lang='lat'><strong>4)</strong></span> <span class='ocrx_word' id='word_1_28' title='bbox 534 893 619 964; x_wconf 89' lang='lat' dir='ltr'><strong>hano</strong></span> <span class='ocrx_word' id='word_1_29' title='bbox 644 894 749 983; x_wconf 89' lang='lat' dir='ltr'><strong>ipsam</strong></span> <span class='ocrx_word' id='word_1_30' title='bbox 776 897 903 981; x_wconf 88' lang='lat' dir='ltr'><strong>partem</strong></span> <span class='ocrx_word' id='word_1_31' title='bbox 931 891 1098 961; x_wconf 83' lang='lat' dir='ltr'><strong>versionis</strong></span> <span class='ocrx_word' id='word_1_32' title='bbox 1130 891 1367 960; x_wconf 82' lang='lat' dir='ltr'><strong>Theodotione</strong></span> 
     </span>
     <span class='ocr_line' id='line_1_5' title="bbox 268 1009 1365 1106; baseline -0.008 -24"><span class='ocrx_word' id='word_1_33' title='bbox 268 1013 492 1100; x_wconf 83' lang='lat' dir='ltr'><strong>dignissimam</strong></span> <span class='ocrx_word' id='word_1_34' title='bbox 514 1032 611 1106; x_wconf 79' lang='lat' dir='ltr'><strong>esse;</strong></span> <span class='ocrx_word' id='word_1_35' title='bbox 643 1031 749 1100; x_wconf 88' lang='lat' dir='ltr'><strong>noque</strong></span> <span class='ocrx_word' id='word_1_36' title='bbox 776 1012 862 1081; x_wconf 88' lang='lat' dir='ltr'><strong>enim</strong></span> <span class='ocrx_word' id='word_1_37' title='bbox 889 1012 944 1081; x_wconf 89' lang='lat' dir='ltr'><strong>illa</strong></span> <span class='ocrx_word' id='word_1_38' title='bbox 975 1009 1168 1099; x_wconf 88' lang='lat' dir='ltr'><strong>apocrypha</strong></span> <span class='ocrx_word' id='word_1_39' title='bbox 1202 1029 1253 1078; x_wconf 83' lang='lat' dir='ltr'><strong>ex</strong></span> <span class='ocrx_word' id='word_1_40' title='bbox 1283 1014 1365 1076; x_wconf 85' lang='lat' dir='ltr'><strong>texto</strong></span> 
     </span>
     <span class='ocr_line' id='line_1_6' title="bbox 269 1127 1363 1219; baseline -0.004 -21"><span class='ocrx_word' id='word_1_41' title='bbox 269 1135 334 1198; x_wconf 73' lang='grc' dir='ltr'><strong>τοι</strong></span> <span class='ocrx_word' id='word_1_42' title='bbox 358 1128 393 1198; x_wconf 88' lang='lat' dir='ltr'><strong>O&#39;</strong></span> <span class='ocrx_word' id='word_1_43' title='bbox 417 1132 633 1200; x_wconf 89' lang='lat' dir='ltr'><strong>tantummodo</strong></span> <span class='ocrx_word' id='word_1_44' title='bbox 655 1131 823 1219; x_wconf 83' lang='lat' dir='ltr'><strong>descripta</strong></span> <span class='ocrx_word' id='word_1_45' title='bbox 843 1137 917 1219; x_wconf 90' lang='lat' dir='ltr'><strong>aut,</strong></span> <span class='ocrx_word' id='word_1_46' title='bbox 944 1146 987 1198; x_wconf 86' lang='lat' dir='ltr'><strong>ne</strong></span> <span class='ocrx_word' id='word_1_47' title='bbox 1008 1127 1153 1216; x_wconf 78' lang='lat' dir='ltr'><strong>plagium</strong></span> <span class='ocrx_word' id='word_1_48' title='bbox 1178 1131 1363 1217; x_wconf 84' lang='lat' dir='ltr'><strong>appareret,</strong></span> 
     </span>
     <span class='ocr_line' id='line_1_7' title="bbox 270 1249 1363 1340; baseline -0.005 -24"><span class='ocrx_word' id='word_1_49' title='bbox 270 1250 467 1338; x_wconf 86' lang='lat' dir='ltr'><strong>interpolata</strong></span> <span class='ocrx_word' id='word_1_50' title='bbox 488 1257 576 1340; x_wconf 83' lang='lat' dir='ltr'><strong>sunt,</strong></span> <span class='ocrx_word' id='word_1_51' title='bbox 596 1250 659 1318; x_wconf 85' lang='lat' dir='ltr'><strong>sed</strong></span> <span class='ocrx_word' id='word_1_52' title='bbox 680 1249 776 1337; x_wconf 89' lang='lat' dir='ltr'><strong>plane</strong></span> <span class='ocrx_word' id='word_1_53' title='bbox 789 1269 908 1317; x_wconf 88' lang='lat' dir='ltr'><strong>novam</strong></span> <span class='ocrx_word' id='word_1_54' title='bbox 920 1249 1118 1325; x_wconf 77' lang='lat' dir='ltr'><strong>versionem,</strong></span> <span class='ocrx_word' id='word_1_55' title='bbox 1142 1251 1305 1315; x_wconf 83' lang='lat' dir='ltr'><strong>assumta</strong></span> <span class='ocrx_word' id='word_1_56' title='bbox 1321 1263 1363 1310; x_wconf 89' lang='lat' dir='ltr'><strong>ae-</strong></span> 
     </span>
     <span class='ocr_line' id='line_1_8' title="bbox 269 1365 1361 1457; baseline -0.005 -22"><span class='ocrx_word' id='word_1_57' title='bbox 269 1369 552 1457; x_wconf 82' lang='lat' dir='ltr'><strong>ptuagintavirali,</strong></span> <span class='ocrx_word' id='word_1_58' title='bbox 574 1387 618 1434; x_wconf 85' lang='lat' dir='ltr'><strong>ex</strong></span> <span class='ocrx_word' id='word_1_59' title='bbox 639 1368 791 1435; x_wconf 79' lang='lat' dir='ltr'><strong>hcbmico</strong></span> <span class='ocrx_word' id='word_1_60' title='bbox 812 1368 1017 1436; x_wconf 74' lang='lat' dir='ltr'><strong>uamaioove</strong></span> <span class='ocrx_word' id='word_1_61' title='bbox 1038 1366 1231 1452; x_wconf 83' lang='lat' dir='ltr'><strong>exemplari</strong></span> <span class='ocrx_word' id='word_1_62' title='bbox 1253 1365 1361 1432; x_wconf 80' lang='lat' dir='ltr'><strong>factm</strong></span> 
     </span>
     <span class='ocr_line' id='line_1_9' title="bbox 270 1481 1386 1576; baseline -0.008 -21"><span class='ocrx_word' id='word_1_63' title='bbox 270 1492 531 1576; x_wconf 85' lang='lat' dir='ltr'><strong>repraesentant.</strong></span> <span class='ocrx_word' id='word_1_64' title='bbox 572 1487 658 1552; x_wconf 89' lang='lat' dir='ltr'><strong>Nam</strong></span> <span class='ocrx_word' id='word_1_65' title='bbox 686 1487 758 1553; x_wconf 90' lang='lat' dir='ltr'><strong>sine</strong></span> <span class='ocrx_word' id='word_1_66' title='bbox 787 1485 881 1553; x_wconf 90' lang='lat' dir='ltr'><strong>dubio</strong></span> <span class='ocrx_word' id='word_1_67' title='bbox 909 1484 1120 1573; x_wconf 82' lang='lat' dir='ltr'><strong>exemplaris,</strong></span> <span class='ocrx_word' id='word_1_68' title='bbox 1149 1485 1250 1552; x_wconf 92' lang='lat' dir='ltr'><strong>unde</strong></span> <span class='ocrx_word' id='word_1_69' title='bbox 1276 1481 1386 1559; x_wconf 70' lang='lat' dir='ltr'><strong>llll,</strong></span> 
     </span>
     <span class='ocr_line' id='line_1_10' title="bbox 270 1599 1356 1695; baseline -0.01 -20"><span class='ocrx_word' id='word_1_70' title='bbox 270 1605 525 1693; x_wconf 79' lang='lat' dir='ltr'><strong>transtulerant,</strong></span> <span class='ocrx_word' id='word_1_71' title='bbox 545 1609 630 1672; x_wconf 89' lang='lat' dir='ltr'><strong>sicut</strong></span> <span class='ocrx_word' id='word_1_72' title='bbox 650 1603 687 1672; x_wconf 90' lang='lat' dir='ltr'><strong>tit</strong></span> <span class='ocrx_word' id='word_1_73' title='bbox 705 1605 739 1672; x_wconf 93' lang='lat' dir='ltr'><strong>in</strong></span> <span class='ocrx_word' id='word_1_74' title='bbox 761 1603 918 1690; x_wconf 83' lang='lat' dir='ltr'><strong>ejmmodi</strong></span> <span class='ocrx_word' id='word_1_75' title='bbox 930 1603 1146 1692; x_wconf 79' lang='lat' dir='ltr'><strong>mythistoriis</strong></span> <span class='ocrx_word' id='word_1_76' title='bbox 1159 1599 1235 1695; x_wconf 61' lang='grc' dir='ltr'><strong>ἐ),</strong></span> <span class='ocrx_word' id='word_1_77' title='bbox 1258 1603 1356 1671; x_wconf 87' lang='lat' dir='ltr'><strong>variae</strong></span> 
     </span>
     <span class='ocr_line' id='line_1_11' title="bbox 269 1722 1349 1811; baseline -0.008 -18"><span class='ocrx_word' id='word_1_78' title='bbox 269 1726 448 1794; x_wconf 84' lang='lat' dir='ltr'><strong>exstabant</strong></span> <span class='ocrx_word' id='word_1_79' title='bbox 468 1724 694 1811; x_wconf 81' lang='lat' dir='ltr'><strong>recensiones,</strong></span> <span class='ocrx_word' id='word_1_80' title='bbox 724 1729 759 1790; x_wconf 92' lang='lat' dir='ltr'><strong>et</strong></span> <span class='ocrx_word' id='word_1_81' title='bbox 780 1743 852 1791; x_wconf 90' lang='lat' dir='ltr'><strong>cunr</strong></span> <span class='ocrx_word' id='word_1_82' title='bbox 873 1722 1091 1791; x_wconf 83' lang='lat' dir='ltr'><strong>Theodotioni</strong></span> <span class='ocrx_word' id='word_1_83' title='bbox 1119 1722 1251 1810; x_wconf 84' lang='lat' dir='ltr'><strong>aliqua,</strong></span> <span class='ocrx_word' id='word_1_84' title='bbox 1287 1735 1349 1808; x_wconf 83' lang='lat' dir='ltr'><strong>quac</strong></span> 
     </span>
     <span class='ocr_line' id='line_1_12' title="bbox 270 1835 1348 1931; baseline -0.009 -17"><span class='ocrx_word' id='word_1_85' title='bbox 270 1865 292 1914; x_wconf 89' lang='lat' dir='ltr'><strong>a</strong></span> <span class='ocrx_word' id='word_1_86' title='bbox 313 1844 408 1910; x_wconf 71' lang='lat' dir='ltr'><strong>erX</strong></span> <span class='ocrx_word' id='word_1_87' title='bbox 430 1840 635 1930; x_wconf 76' lang='lat' dir='ltr'><strong>discrepabat</strong></span> <span class='ocrx_word' id='word_1_88' title='bbox 655 1843 783 1931; x_wconf 83' lang='lat' dir='ltr'><strong>ipsique</strong></span> <span class='ocrx_word' id='word_1_89' title='bbox 804 1841 982 1931; x_wconf 79' lang='lat' dir='ltr'><strong>perfectior</strong></span> <span class='ocrx_word' id='word_1_90' title='bbox 999 1860 1039 1908; x_wconf 90' lang='lat' dir='ltr'><strong>ao</strong></span> <span class='ocrx_word' id='word_1_91' title='bbox 1060 1839 1127 1909; x_wconf 90' lang='lat' dir='ltr'><strong>tide</strong></span> <span class='ocrx_word' id='word_1_92' title='bbox 1153 1842 1289 1928; x_wconf 81' lang='lat' dir='ltr'><strong>dignior</strong></span> <span class='ocrx_word' id='word_1_93' title='bbox 1310 1835 1348 1904; x_wconf 86' lang='lat' dir='ltr'><strong>vi·</strong></span> 
     </span>
     <span class='ocr_line' id='line_1_13' title="bbox 270 1954 1352 2048; baseline -0.009 -18"><span class='ocrx_word' id='word_1_94' title='bbox 270 1963 419 2040; x_wconf 88' lang='lat' dir='ltr'><strong>debatur,</strong></span> <span class='ocrx_word' id='word_1_95' title='bbox 441 1961 476 2026; x_wconf 93' lang='lat' dir='ltr'><strong>in</strong></span> <span class='ocrx_word' id='word_1_96' title='bbox 497 1981 610 2028; x_wconf 89' lang='lat' dir='ltr'><strong>manus</strong></span> <span class='ocrx_word' id='word_1_97' title='bbox 632 1963 793 2039; x_wconf 86' lang='lat' dir='ltr'><strong>venisset,</strong></span> <span class='ocrx_word' id='word_1_98' title='bbox 814 1962 897 2028; x_wconf 88' lang='lat' dir='ltr'><strong>hanc</strong></span> <span class='ocrx_word' id='word_1_99' title='bbox 923 1960 1102 2048; x_wconf 86' lang='lat' dir='ltr'><strong>transtulit,</strong></span> <span class='ocrx_word' id='word_1_100' title='bbox 1122 1966 1160 2028; x_wconf 91' lang='lat' dir='ltr'><strong>ut</strong></span> <span class='ocrx_word' id='word_1_101' title='bbox 1179 1959 1259 2038; x_wconf 81' lang='grc' dir='ltr'><strong><em>τοὺς</em></strong></span> <span class='ocrx_word' id='word_1_102' title='bbox 1277 1954 1352 2024; x_wconf 90' lang='lat' dir='ltr'><strong>0&#39;in</strong></span> 
     </span>
     <span class='ocr_line' id='line_1_14' title="bbox 271 2078 1350 2167; baseline -0.008 -19"><span class='ocrx_word' id='word_1_103' title='bbox 271 2082 324 2149; x_wconf 88' lang='lat' dir='ltr'><strong>iris</strong></span> <span class='ocrx_word' id='word_1_104' title='bbox 346 2097 472 2166; x_wconf 88' lang='lat' dir='ltr'><strong>quoqne</strong></span> <span class='ocrx_word' id='word_1_105' title='bbox 493 2086 667 2165; x_wconf 86' lang='lat' dir='ltr'><strong>superaret</strong></span> <span class='ocrx_word' id='word_1_106' title='bbox 694 2097 734 2146; x_wconf 90' lang='lat' dir='ltr'><strong>ac</strong></span> <span class='ocrx_word' id='word_1_107' title='bbox 762 2078 804 2146; x_wconf 90' lang='lat' dir='ltr'><strong>dc</strong></span> <span class='ocrx_word' id='word_1_108' title='bbox 830 2079 903 2146; x_wconf 90' lang='lat' dir='ltr'><strong>loco</strong></span> <span class='ocrx_word' id='word_1_109' title='bbox 927 2079 1120 2167; x_wconf 84' lang='lat' dir='ltr'><strong>depelleret</strong></span> <span class='ocrx_word' id='word_1_110' title='bbox 1169 2081 1235 2146; x_wconf 84' lang='lat' dir='ltr'><strong>llis</strong></span> <span class='ocrx_word' id='word_1_111' title='bbox 1261 2093 1350 2164; x_wconf 87' lang='lat' dir='ltr'><strong>prae·</strong></span> 
     </span>
     <span class='ocr_line' id='line_1_15' title="bbox 272 2193 1351 2284; baseline -0.009 -18"><span class='ocrx_word' id='word_1_112' title='bbox 272 2200 401 2280; x_wconf 85' lang='lat' dir='ltr'><strong>missis,</strong></span> <span class='ocrx_word' id='word_1_113' title='bbox 424 2194 591 2264; x_wconf 89' lang='lat' dir='ltr'><strong>audiamus</strong></span> <span class='ocrx_word' id='word_1_114' title='bbox 598 2244 607 2277; x_wconf 94' lang='lat'>‚</span> <span class='ocrx_word' id='word_1_115' title='bbox 629 2196 786 2284; x_wconf 88' lang='lat' dir='ltr'><strong>quomodo</strong></span> <span class='ocrx_word' id='word_1_116' title='bbox 808 2197 1014 2266; x_wconf 85' lang='lat' dir='ltr'><strong>Theodotion</strong></span> <span class='ocrx_word' id='word_1_117' title='bbox 1034 2198 1171 2267; x_wconf 80' lang='lat' dir='ltr'><strong>fabulam</strong></span> <span class='ocrx_word' id='word_1_118' title='bbox 1187 2199 1229 2263; x_wconf 89' lang='lat' dir='ltr'><strong>de</strong></span> <span class='ocrx_word' id='word_1_119' title='bbox 1243 2193 1351 2260; x_wconf 84' lang='lat' dir='ltr'><strong>Haba-</strong></span> 
     </span>
     <span class='ocr_line' id='line_1_16' title="bbox 272 2309 1384 2412; baseline -0.012 -26"><span class='ocrx_word' id='word_1_120' title='bbox 272 2337 351 2386; x_wconf 87' lang='lat' dir='ltr'><strong>coco</strong></span> <span class='ocrx_word' id='word_1_121' title='bbox 373 2315 568 2402; x_wconf 87' lang='lat' dir='ltr'><strong>discophoro</strong></span> <span class='ocrx_word' id='word_1_122' title='bbox 582 2321 693 2382; x_wconf 87' lang='lat' dir='ltr'><strong>narret</strong></span> <span class='ocrx_word' id='word_1_123' title='bbox 707 2311 860 2407; x_wconf 82' lang='lat' dir='ltr'><strong>(omissis</strong></span> <span class='ocrx_word' id='word_1_124' title='bbox 873 2316 1010 2404; x_wconf 84' lang='lat' dir='ltr'><strong>reliquis</strong></span> <span class='ocrx_word' id='word_1_125' title='bbox 1024 2313 1200 2404; x_wconf 89' lang='lat' dir='ltr'><strong>apocryphi</strong></span> <span class='ocrx_word' id='word_1_126' title='bbox 1215 2312 1254 2379; x_wconf 92' lang='lat' dir='ltr'><strong>de</strong></span> <span class='ocrx_word' id='word_1_127' title='bbox 1268 2309 1346 2376; x_wconf 86' lang='lat' dir='ltr'><strong>Dra·</strong></span> <span class='ocrx_word' id='word_1_128' title='bbox 1383 2383 1384 2412; x_wconf 37' lang='grc' dir='ltr'>Ι</span> 
     </span>
     <span class='ocr_line' id='line_1_17' title="bbox 271 2430 1346 2521; baseline -0.012 -19"><span class='ocrx_word' id='word_1_129' title='bbox 271 2454 354 2502; x_wconf 80' lang='grc' dir='ltr'><strong><em>εσσε</em></strong></span> <span class='ocrx_word' id='word_1_130' title='bbox 381 2435 550 2512; x_wconf 89' lang='lat' dir='ltr'><strong>versibus,</strong></span> <span class='ocrx_word' id='word_1_131' title='bbox 584 2452 773 2521; x_wconf 87' lang='lat' dir='ltr'><strong>quamquam</strong></span> <span class='ocrx_word' id='word_1_132' title='bbox 802 2436 835 2499; x_wconf 95' lang='lat' dir='ltr'><strong>in</strong></span> <span class='ocrx_word' id='word_1_133' title='bbox 865 2435 907 2499; x_wconf 86' lang='lat' dir='ltr'><strong>iis</strong></span> <span class='ocrx_word' id='word_1_134' title='bbox 933 2435 1031 2502; x_wconf 90' lang='lat' dir='ltr'><strong>etiam</strong></span> <span class='ocrx_word' id='word_1_135' title='bbox 1061 2437 1158 2518; x_wconf 72' lang='lat' dir='ltr'><strong>maior</strong></span> <span class='ocrx_word' id='word_1_136' title='bbox 1183 2430 1346 2497; x_wconf 82' lang='lat' dir='ltr'><strong>verborum</strong></span> 
     </span>
    </p>

    <p class='ocr_par' dir='ltr' id='par_1_2' title="bbox 272 2539 1340 2645">
     <span class='ocr_line' id='line_1_18' title="bbox 272 2539 1340 2645; baseline -0.016 -25"><span class='ocrx_word' id='word_1_137' title='bbox 272 2573 444 2640; x_wconf 88' lang='lat' dir='ltr'><strong>rerumque</strong></span> <span class='ocrx_word' id='word_1_138' title='bbox 464 2551 685 2638; x_wconf 86' lang='lat' dir='ltr'><strong>discrepantia</strong></span> <span class='ocrx_word' id='word_1_139' title='bbox 706 2548 997 2645; x_wconf 53' lang='lat' dir='ltr'><strong>deprehenditur}</strong></span> <span class='ocrx_word' id='word_1_140' title='bbox 1034 2551 1103 2620; x_wconf 80' lang='grc' dir='ltr'><strong>Καὶ</strong></span> <span class='ocrx_word' id='word_1_141' title='bbox 1115 2539 1340 2629; x_wconf 78' lang='grc' dir='ltr'><strong><em>ἦνἈρβιιιιοὺρ</em></strong></span> 
     </span>
    </p>

    <p class='ocr_par' dir='ltr' id='par_1_3' title="bbox 272 2641 1387 4057">
     <span class='ocr_line' id='line_1_19' title="bbox 272 2641 1387 2761; baseline -0.005 -23"><span class='ocrx_word' id='word_1_142' title='bbox 272 2671 291 2737; x_wconf 86' lang='grc' dir='ltr'><strong><em>ὁ</em></strong></span> <span class='ocrx_word' id='word_1_143' title='bbox 313 2668 522 2761; x_wconf 81' lang='grc' dir='ltr'><em>προφήτης</em></span> <span class='ocrx_word' id='word_1_144' title='bbox 540 2676 580 2737; x_wconf 77' lang='grc' dir='ltr'><strong>ἐν</strong></span> <span class='ocrx_word' id='word_1_145' title='bbox 600 2671 647 2755; x_wconf 80' lang='grc' dir='ltr'><strong>τῇ</strong></span> <span class='ocrx_word' id='word_1_146' title='bbox 665 2667 864 2754; x_wconf 75' lang='grc' dir='ltr'><em>Ἰουδαίᾳ,</em></span> <span class='ocrx_word' id='word_1_147' title='bbox 893 2673 950 2737; x_wconf 79' lang='grc' dir='ltr'><strong>καὶ</strong></span> <span class='ocrx_word' id='word_1_148' title='bbox 971 2668 1068 2748; x_wconf 80' lang='grc' dir='ltr'><strong><em>αὐτὸς</em></strong></span> <span class='ocrx_word' id='word_1_149' title='bbox 1086 2663 1200 2755; x_wconf 79' lang='grc' dir='ltr'><strong><em>ἥψησεν</em></strong></span> <span class='ocrx_word' id='word_1_150' title='bbox 1218 2661 1332 2745; x_wconf 56' lang='lat' dir='ltr'><strong>toccu,</strong></span> <span class='ocrx_word' id='word_1_151' title='bbox 1386 2641 1387 2694; x_wconf 62' lang='grc' dir='ltr'>Ι</span> 
     </span>
     <span class='ocr_line' id='line_1_20' title="bbox 272 2774 1337 2878; baseline -0.018 -22"><span class='ocrx_word' id='word_1_152' title='bbox 272 2794 328 2856; x_wconf 80' lang='lat' dir='ltr'><strong>acci</strong></span> <span class='ocrx_word' id='word_1_153' title='bbox 350 2791 533 2877; x_wconf 74' lang='grc' dir='ltr'><strong><em>ἐνέθρυψεν</em></strong></span> <span class='ocrx_word' id='word_1_154' title='bbox 554 2787 673 2875; x_wconf 81' lang='grc' dir='ltr'><em>ἄρτους</em></span> <span class='ocrx_word' id='word_1_155' title='bbox 693 2796 738 2866; x_wconf 74' lang='grc' dir='ltr'><strong>εἰς</strong></span> <span class='ocrx_word' id='word_1_156' title='bbox 756 2785 897 2878; x_wconf 74' lang='grc' dir='ltr'><strong><em>σκάφην,</em></strong></span> <span class='ocrx_word' id='word_1_157' title='bbox 917 2791 975 2856; x_wconf 80' lang='lat' dir='ltr'><strong>aui</strong></span> <span class='ocrx_word' id='word_1_158' title='bbox 996 2785 1157 2876; x_wconf 76' lang='grc' dir='ltr'><strong><em>ἐπορεύετο</em></strong></span> <span class='ocrx_word' id='word_1_159' title='bbox 1176 2787 1215 2858; x_wconf 72' lang='grc' dir='ltr'><strong>εἰς</strong></span> <span class='ocrx_word' id='word_1_160' title='bbox 1233 2774 1268 2843; x_wconf 85' lang='grc' dir='ltr'><strong>τὸ</strong></span> <span class='ocrx_word' id='word_1_161' title='bbox 1287 2794 1337 2839; x_wconf 78' lang='grc' dir='ltr'><strong>σε·</strong></span> 
     </span>
     <span class='ocr_line' id='line_1_21' title="bbox 273 2901 1342 2996; baseline -0.003 -21"><span class='ocrx_word' id='word_1_162' title='bbox 273 2911 343 2975; x_wconf 75' lang='grc' dir='ltr'><strong><em>δίον</em></strong></span> <span class='ocrx_word' id='word_1_163' title='bbox 364 2901 537 2991; x_wconf 79' lang='grc' dir='ltr'><strong><em>ἀπένέγκοιι</em></strong></span> <span class='ocrx_word' id='word_1_164' title='bbox 558 2917 627 2985; x_wconf 82' lang='grc' dir='ltr'><strong><em>τοῖς</em></strong></span> <span class='ocrx_word' id='word_1_165' title='bbox 649 2909 830 2996; x_wconf 76' lang='grc' dir='ltr'><strong><em>θερισταῖς.</em></strong></span> <span class='ocrx_word' id='word_1_166' title='bbox 850 2905 855 2996; x_wconf 87' lang='grc' dir='ltr'>Ι</span> <span class='ocrx_word' id='word_1_167' title='bbox 874 2905 950 2976; x_wconf 76' lang='grc' dir='ltr'><strong>Καὶ</strong></span> <span class='ocrx_word' id='word_1_168' title='bbox 977 2907 1063 2974; x_wconf 82' lang='grc' dir='ltr'><strong><em>εἶπεν</em></strong></span> <span class='ocrx_word' id='word_1_169' title='bbox 1091 2903 1110 2971; x_wconf 86' lang='grc' dir='ltr'>ὁ</span> <span class='ocrx_word' id='word_1_170' title='bbox 1137 2901 1264 2988; x_wconf 72' lang='grc' dir='ltr'><strong><em>ἄγγελος</em></strong></span> <span class='ocrx_word' id='word_1_171' title='bbox 1288 2913 1342 2958; x_wconf 66' lang='lat' dir='ltr'><strong>W·</strong></span> 
     </span>
     <span class='ocr_line' id='line_1_22' title="bbox 272 3013 1345 3116; baseline 0.002 -25"><span class='ocrx_word' id='word_1_172' title='bbox 272 3031 346 3116; x_wconf 86' lang='grc' dir='ltr'><strong><em>ριὀο</em></strong></span> <span class='ocrx_word' id='word_1_173' title='bbox 367 3023 639 3111; x_wconf 51' lang='lat' dir='ltr'><strong>componuntn-</strong></span> <span class='ocrx_word' id='word_1_174' title='bbox 668 3023 821 3109; x_wconf 79' lang='grc' dir='ltr'><strong><em>ἀπένεγκε</em></strong></span> <span class='ocrx_word' id='word_1_175' title='bbox 841 3023 880 3091; x_wconf 85' lang='grc' dir='ltr'><strong>τὸ</strong></span> <span class='ocrx_word' id='word_1_176' title='bbox 902 3025 1037 3113; x_wconf 76' lang='grc' dir='ltr'><strong><em>ἄριστον</em></strong></span> <span class='ocrx_word' id='word_1_177' title='bbox 1058 3021 1077 3092; x_wconf 91' lang='grc' dir='ltr'><strong>ὅ</strong></span> <span class='ocrx_word' id='word_1_178' title='bbox 1105 3027 1185 3105; x_wconf 69' lang='grc' dir='ltr'><strong><em>ἔχεις</em></strong></span> <span class='ocrx_word' id='word_1_179' title='bbox 1210 3023 1252 3093; x_wconf 74' lang='grc' dir='ltr'><strong>εὶς</strong></span> <span class='ocrx_word' id='word_1_180' title='bbox 1275 3013 1345 3080; x_wconf 62' lang='lat' dir='ltr'><strong>Ba·</strong></span> 
     </span>
     <span class='ocr_line' id='line_1_23' title="bbox 272 3127 1346 3228; baseline -0.015 -20"><span class='ocrx_word' id='word_1_181' title='bbox 272 3146 403 3228; x_wconf 82' lang='grc' dir='ltr'><strong><em>βολώνοι</em></strong></span> <span class='ocrx_word' id='word_1_182' title='bbox 423 3145 469 3228; x_wconf 77' lang='grc' dir='ltr'><strong>τῷ</strong></span> <span class='ocrx_word' id='word_1_183' title='bbox 491 3141 617 3222; x_wconf 84' lang='grc' dir='ltr'><strong><em>Δοινιὴλ</em></strong></span> <span class='ocrx_word' id='word_1_184' title='bbox 637 3149 682 3219; x_wconf 77' lang='grc' dir='ltr'><strong>εἰς</strong></span> <span class='ocrx_word' id='word_1_185' title='bbox 702 3141 760 3209; x_wconf 84' lang='grc' dir='ltr'><strong>τὸν</strong></span> <span class='ocrx_word' id='word_1_186' title='bbox 781 3140 906 3210; x_wconf 81' lang='grc' dir='ltr'><strong><em>λάκκον</em></strong></span> <span class='ocrx_word' id='word_1_187' title='bbox 931 3145 995 3210; x_wconf 79' lang='grc' dir='ltr'><strong>τῶν</strong></span> <span class='ocrx_word' id='word_1_188' title='bbox 1022 3141 1168 3210; x_wconf 76' lang='grc' dir='ltr'><strong><em>λεόντων.</em></strong></span> <span class='ocrx_word' id='word_1_189' title='bbox 1188 3141 1193 3228; x_wconf 97' lang='grc' dir='ltr'>Ι</span> <span class='ocrx_word' id='word_1_190' title='bbox 1210 3132 1281 3205; x_wconf 81' lang='grc' dir='ltr'><strong>Καὶ</strong></span> <span class='ocrx_word' id='word_1_191' title='bbox 1305 3127 1346 3193; x_wconf 87' lang='grc' dir='ltr'><strong>εἶ-</strong></span> 
     </span>
     <span class='ocr_line' id='line_1_24' title="bbox 273 3243 1347 3350; baseline -0.008 -26"><span class='ocrx_word' id='word_1_192' title='bbox 273 3283 331 3324; x_wconf 83' lang='grc' dir='ltr'><strong>πεν</strong></span> <span class='ocrx_word' id='word_1_193' title='bbox 348 3259 558 3346; x_wconf 81' lang='grc' dir='ltr'><strong><em>Ἁμβοικούμ·</em></strong></span> <span class='ocrx_word' id='word_1_194' title='bbox 580 3261 679 3348; x_wconf 81' lang='grc' dir='ltr'><strong><em>κύριε,</em></strong></span> <span class='ocrx_word' id='word_1_195' title='bbox 703 3263 888 3348; x_wconf 79' lang='grc' dir='ltr'><strong><em>Βαβυλῶνα</em></strong></span> <span class='ocrx_word' id='word_1_196' title='bbox 910 3260 971 3343; x_wconf 80' lang='grc' dir='ltr'><strong>οὐχ</strong></span> <span class='ocrx_word' id='word_1_197' title='bbox 992 3259 1123 3350; x_wconf 82' lang='grc' dir='ltr'><strong><em>ἑώρεικνι</em></strong></span> <span class='ocrx_word' id='word_1_198' title='bbox 1144 3253 1268 3327; x_wconf 82' lang='grc' dir='ltr'><strong><em>καὶτὸν</em></strong></span> <span class='ocrx_word' id='word_1_199' title='bbox 1280 3243 1347 3316; x_wconf 79' lang='lat' dir='ltr'><strong>tota·</strong></span> 
     </span>
     <span class='ocr_line' id='line_1_25' title="bbox 275 3366 1349 3467; baseline -0.002 -26"><span class='ocrx_word' id='word_1_200' title='bbox 275 3399 334 3441; x_wconf 88' lang='grc' dir='ltr'><strong>κον</strong></span> <span class='ocrx_word' id='word_1_201' title='bbox 345 3373 383 3442; x_wconf 85' lang='grc' dir='ltr'><strong>οὐ</strong></span> <span class='ocrx_word' id='word_1_202' title='bbox 399 3375 556 3460; x_wconf 74' lang='grc' dir='ltr'><strong><em>γινώσκοι.</em></strong></span> <span class='ocrx_word' id='word_1_203' title='bbox 577 3387 582 3460; x_wconf 89' lang='grc' dir='ltr'>Ι</span> <span class='ocrx_word' id='word_1_204' title='bbox 599 3379 673 3446; x_wconf 89' lang='grc' dir='ltr'><strong><em>Κοιὶ</em></strong></span> <span class='ocrx_word' id='word_1_205' title='bbox 680 3377 1025 3466; x_wconf 79' lang='grc' dir='ltr'><strong><em>ὲνελοὶβετσὸἄγγελσς</em></strong></span> <span class='ocrx_word' id='word_1_206' title='bbox 1033 3385 1148 3467; x_wconf 80' lang='grc' dir='ltr'><strong><em>κυρίου</em></strong></span> <span class='ocrx_word' id='word_1_207' title='bbox 1158 3381 1213 3458; x_wconf 82' lang='grc' dir='ltr'><strong>τῆς</strong></span> <span class='ocrx_word' id='word_1_208' title='bbox 1219 3366 1349 3460; x_wconf 66' lang='grc' dir='ltr'><strong><em>κορυφῆς</em></strong></span> 
     </span>
     <span class='ocr_line' id='line_1_26' title="bbox 276 3479 1348 3586; baseline -0.012 -12"><span class='ocrx_word' id='word_1_209' title='bbox 276 3493 388 3573; x_wconf 62' lang='grc' dir='ltr'>αὐτοῦ,</span> <span class='ocrx_word' id='word_1_210' title='bbox 403 3497 460 3558; x_wconf 68' lang='grc' dir='ltr'><strong>καὶ</strong></span> <span class='ocrx_word' id='word_1_211' title='bbox 476 3494 648 3580; x_wconf 76' lang='grc' dir='ltr'><strong><em>βωστολσσις</em></strong></span> <span class='ocrx_word' id='word_1_212' title='bbox 659 3501 715 3578; x_wconf 81' lang='grc' dir='ltr'><strong>τῆς</strong></span> <span class='ocrx_word' id='word_1_213' title='bbox 721 3496 822 3582; x_wconf 78' lang='grc' dir='ltr'><strong><em>κόμης</em></strong></span> <span class='ocrx_word' id='word_1_214' title='bbox 831 3501 887 3578; x_wconf 81' lang='grc' dir='ltr'><strong>τῆς</strong></span> <span class='ocrx_word' id='word_1_215' title='bbox 900 3501 1043 3586; x_wconf 79' lang='grc' dir='ltr'><strong><em>κεφαλῆς</em></strong></span> <span class='ocrx_word' id='word_1_216' title='bbox 1052 3495 1157 3564; x_wconf 78' lang='grc' dir='ltr'><strong><em>αὐτοῦ</em></strong></span> <span class='ocrx_word' id='word_1_217' title='bbox 1167 3497 1283 3574; x_wconf 69' lang='grc' dir='ltr'><strong><em>ἔθηκεν</em></strong></span> <span class='ocrx_word' id='word_1_218' title='bbox 1299 3479 1348 3550; x_wconf 63' lang='lat'><strong>02¹3·</strong></span> 
     </span>
     <span class='ocr_line' id='line_1_27' title="bbox 274 3599 1348 3700; baseline 0.003 -25"><span class='ocrx_word' id='word_1_219' title='bbox 274 3635 333 3676; x_wconf 88' lang='grc' dir='ltr'><strong>τον</strong></span> <span class='ocrx_word' id='word_1_220' title='bbox 353 3617 398 3687; x_wconf 81' lang='grc' dir='ltr'><strong>εἰς</strong></span> <span class='ocrx_word' id='word_1_221' title='bbox 419 3613 606 3698; x_wconf 74' lang='grc' dir='ltr'><strong><em>Βαβυλῶνα</em></strong></span> <span class='ocrx_word' id='word_1_222' title='bbox 626 3613 733 3683; x_wconf 74' lang='grc' dir='ltr'><strong><em>ἐπάνω</em></strong></span> <span class='ocrx_word' id='word_1_223' title='bbox 754 3619 814 3683; x_wconf 83' lang='grc' dir='ltr'><strong>τοῦ</strong></span> <span class='ocrx_word' id='word_1_224' title='bbox 834 3614 975 3699; x_wconf 72' lang='grc' dir='ltr'><strong><em>λάκκου,</em></strong></span> <span class='ocrx_word' id='word_1_225' title='bbox 1007 3623 1052 3683; x_wconf 80' lang='grc' dir='ltr'><strong>ἑν</strong></span> <span class='ocrx_word' id='word_1_226' title='bbox 1068 3617 1120 3700; x_wconf 76' lang='grc' dir='ltr'><strong>τῷ</strong></span> <span class='ocrx_word' id='word_1_227' title='bbox 1142 3613 1270 3698; x_wconf 78' lang='grc' dir='ltr'><strong><em>ῥοίζῳ·</em></strong></span> <span class='ocrx_word' id='word_1_228' title='bbox 1290 3599 1348 3669; x_wconf 62' lang='grc' dir='ltr'><em>τοὺ</em></span> 
     </span>
     <span class='ocr_line' id='line_1_28' title="bbox 275 3721 1348 3824; baseline -0.003 -27"><span class='ocrx_word' id='word_1_229' title='bbox 275 3727 504 3812; x_wconf 77' lang='grc' dir='ltr'><strong><em>πνεύματος</em></strong></span> <span class='ocrx_word' id='word_1_230' title='bbox 525 3729 657 3800; x_wconf 79' lang='grc' dir='ltr'><strong><em>αὐτοῦ.</em></strong></span> <span class='ocrx_word' id='word_1_231' title='bbox 676 3738 681 3819; x_wconf 97' lang='grc' dir='ltr'>Ι</span> <span class='ocrx_word' id='word_1_232' title='bbox 700 3733 774 3801; x_wconf 80' lang='grc' dir='ltr'><strong>Καὶ</strong></span> <span class='ocrx_word' id='word_1_233' title='bbox 790 3731 1130 3824; x_wconf 77' lang='grc' dir='ltr'><strong><em>ἐβόησενἈμβοικοὺμ,</em></strong></span> <span class='ocrx_word' id='word_1_234' title='bbox 1153 3736 1271 3814; x_wconf 76' lang='grc' dir='ltr'><strong><em>λέγων·</em></strong></span> <span class='ocrx_word' id='word_1_235' title='bbox 1292 3721 1348 3788; x_wconf 52' lang='grc' dir='ltr'><strong>Λᾶν</strong></span> 
     </span>
     <span class='ocr_line' id='line_1_29' title="bbox 275 3833 1348 3940; baseline -0.014 -11"><span class='ocrx_word' id='word_1_236' title='bbox 275 3847 357 3932; x_wconf 50' lang='lat' dir='ltr'><strong>milia</strong></span> <span class='ocrx_word' id='word_1_237' title='bbox 379 3847 514 3932; x_wconf 57' lang='grc' dir='ltr'><strong>Δανιὴλ,</strong></span> <span class='ocrx_word' id='word_1_238' title='bbox 537 3847 616 3937; x_wconf 73' lang='grc' dir='ltr'><strong>λάβε</strong></span> <span class='ocrx_word' id='word_1_239' title='bbox 636 3850 674 3920; x_wconf 86' lang='grc' dir='ltr'><strong>τὸ</strong></span> <span class='ocrx_word' id='word_1_240' title='bbox 687 3852 821 3940; x_wconf 82' lang='grc' dir='ltr'><strong><em>ἄριστον</em></strong></span> <span class='ocrx_word' id='word_1_241' title='bbox 835 3851 853 3920; x_wconf 91' lang='grc' dir='ltr'><strong>ὅ</strong></span> <span class='ocrx_word' id='word_1_242' title='bbox 869 3853 1035 3922; x_wconf 73' lang='grc' dir='ltr'><strong><em>ἀπέστειλέ</em></strong></span> <span class='ocrx_word' id='word_1_243' title='bbox 1044 3879 1097 3920; x_wconf 90' lang='grc' dir='ltr'><strong>σοι</strong></span> <span class='ocrx_word' id='word_1_244' title='bbox 1116 3849 1134 3918; x_wconf 88' lang='grc' dir='ltr'><em>ὃ</em></span> <span class='ocrx_word' id='word_1_245' title='bbox 1153 3845 1245 3924; x_wconf 75' lang='grc' dir='ltr'><strong><em>θεὸς.</em></strong></span> <span class='ocrx_word' id='word_1_246' title='bbox 1264 3842 1270 3931; x_wconf 97' lang='grc' dir='ltr'>Ι</span> <span class='ocrx_word' id='word_1_247' title='bbox 1287 3833 1348 3907; x_wconf 58' lang='grc' dir='ltr'><strong>Καὶ</strong></span> 
     </span>
     <span class='ocr_line' id='line_1_30' title="bbox 275 3957 1349 4057; baseline -0.004 -27"><span class='ocrx_word' id='word_1_248' title='bbox 275 3963 342 4033; x_wconf 82' lang='grc' dir='ltr'><strong><em>εἶπε</em></strong></span> <span class='ocrx_word' id='word_1_249' title='bbox 362 3965 503 4045; x_wconf 64' lang='lat' dir='ltr'><strong>Armet·</strong></span> <span class='ocrx_word' id='word_1_250' title='bbox 525 3966 691 4050; x_wconf 73' lang='grc' dir='ltr'><strong>ἐμνήσθης</strong></span> <span class='ocrx_word' id='word_1_251' title='bbox 711 3969 775 4057; x_wconf 79' lang='grc' dir='ltr'><strong>γάρ</strong></span> <span class='ocrx_word' id='word_1_252' title='bbox 796 3997 861 4054; x_wconf 82' lang='grc' dir='ltr'><strong>μου</strong></span> <span class='ocrx_word' id='word_1_253' title='bbox 882 3969 900 4037; x_wconf 87' lang='grc' dir='ltr'><strong><em>ὁ</em></strong></span> <span class='ocrx_word' id='word_1_254' title='bbox 921 3969 1013 4051; x_wconf 81' lang='grc' dir='ltr'><strong><em>θεὸς,</em></strong></span> <span class='ocrx_word' id='word_1_255' title='bbox 1036 3973 1092 4036; x_wconf 80' lang='grc' dir='ltr'><strong><em>κοιλ</em></strong></span> <span class='ocrx_word' id='word_1_256' title='bbox 1115 3967 1177 4036; x_wconf 82' lang='grc' dir='ltr'><strong>οὐκ</strong></span> <span class='ocrx_word' id='word_1_257' title='bbox 1198 3957 1349 4050; x_wconf 67' lang='lat' dir='ltr'><strong>tyaortta·</strong></span> 
     </span>
    </p>
   </div>
   <div class='ocr_carea' id='block_1_2' title="bbox 275 4062 1348 4174">
    <p class='ocr_par' dir='ltr' id='par_1_4' title="bbox 275 4062 1348 4174">
     <span class='ocr_line' id='line_1_31' title="bbox 275 4062 1348 4174; baseline -0.008 -24"><span class='ocrx_word' id='word_1_258' title='bbox 275 4105 330 4160; x_wconf 79' lang='grc' dir='ltr'><strong><em>ντες</em></strong></span> <span class='ocrx_word' id='word_1_259' title='bbox 350 4082 427 4161; x_wconf 83' lang='grc' dir='ltr'><strong><em>τοὺς</em></strong></span> <span class='ocrx_word' id='word_1_260' title='bbox 447 4082 641 4167; x_wconf 78' lang='grc' dir='ltr'><strong><em>ολγιιπώντοὶς</em></strong></span> <span class='ocrx_word' id='word_1_261' title='bbox 662 4111 708 4154; x_wconf 87' lang='grc' dir='ltr'><strong>σε.</strong></span> <span class='ocrx_word' id='word_1_262' title='bbox 729 4091 734 4174; x_wconf 98' lang='grc' dir='ltr'>Ι</span> <span class='ocrx_word' id='word_1_263' title='bbox 753 4088 828 4156; x_wconf 78' lang='grc' dir='ltr'><strong>Καὶ</strong></span> <span class='ocrx_word' id='word_1_264' title='bbox 848 4088 995 4168; x_wconf 76' lang='grc' dir='ltr'><strong><em>σἰνοιστόις</em></strong></span> <span class='ocrx_word' id='word_1_265' title='bbox 1020 4086 1146 4168; x_wconf 83' lang='grc' dir='ltr'><strong><em>Δοννιὴλ</em></strong></span> <span class='ocrx_word' id='word_1_266' title='bbox 1180 4089 1309 4173; x_wconf 65' lang='grc' dir='ltr'><strong><em>ἔφορον</em></strong></span> <span class='ocrx_word' id='word_1_267' title='bbox 1335 4062 1348 4129; x_wconf 72' lang='grc' dir='ltr'><em>ὃ</em></span> 
     </span>
    </p>
   </div>
   <div class='ocr_carea' id='block_1_3' title="bbox 276 4249 1348 4515">
    <p class='ocr_par' dir='ltr' id='par_1_5' title="bbox 276 4249 1348 4515">
     <span class='ocr_line' id='line_1_32' title="bbox 343 4249 1348 4345; baseline -0.007 -23"><span class='ocrx_word' id='word_1_268' title='bbox 343 4273 564 4337; x_wconf 72' lang='lat' dir='ltr'><strong>wtltxamplum</strong></span> <span class='ocrx_word' id='word_1_269' title='bbox 582 4271 786 4328; x_wconf 62' lang='lat' dir='ltr'><strong>arcontocoru</strong></span> <span class='ocrx_word' id='word_1_270' title='bbox 809 4249 917 4340; x_wconf 55' lang='lat' dir='ltr'><strong>unito,</strong></span> <span class='ocrx_word' id='word_1_271' title='bbox 941 4291 1010 4345; x_wconf 83' lang='lat' dir='ltr'><strong>poue</strong></span> <span class='ocrx_word' id='word_1_272' title='bbox 1031 4279 1167 4330; x_wconf 80' lang='lat' dir='ltr'><strong>aramalcc</strong></span> <span class='ocrx_word' id='word_1_273' title='bbox 1188 4276 1217 4326; x_wconf 87' lang='lat' dir='ltr'><strong>et</strong></span> <span class='ocrx_word' id='word_1_274' title='bbox 1238 4260 1348 4322; x_wconf 71' lang='lat' dir='ltr'><strong>natrdot</strong></span> 
     </span>
     <span class='ocr_line' id='line_1_33' title="bbox 276 4339 1347 4428; baseline 0.004 -24"><span class='ocrx_word' id='word_1_275' title='bbox 276 4357 356 4418; x_wconf 77' lang='lat' dir='ltr'><strong>atque</strong></span> <span class='ocrx_word' id='word_1_276' title='bbox 381 4359 493 4420; x_wconf 86' lang='lat' dir='ltr'><strong>insuper</strong></span> <span class='ocrx_word' id='word_1_277' title='bbox 515 4361 602 4410; x_wconf 75' lang='lat' dir='ltr'><strong>var-llo</strong></span> <span class='ocrx_word' id='word_1_278' title='bbox 626 4365 829 4415; x_wconf 82' lang='lat' dir='ltr'><strong>recenrlonlbus</strong></span> <span class='ocrx_word' id='word_1_279' title='bbox 854 4366 993 4417; x_wconf 77' lang='lat' dir='ltr'><strong>elaborata</strong></span> <span class='ocrx_word' id='word_1_280' title='bbox 1014 4367 1118 4428; x_wconf 64' lang='lat' dir='ltr'><strong>catat,</strong></span> <span class='ocrx_word' id='word_1_281' title='bbox 1151 4375 1176 4411; x_wconf 83' lang='lat' dir='ltr'><strong>v.</strong></span> <span class='ocrx_word' id='word_1_282' title='bbox 1201 4359 1277 4410; x_wconf 64' lang='lat' dir='ltr'><strong>muoz</strong></span> <span class='ocrx_word' id='word_1_283' title='bbox 1298 4339 1347 4397; x_wconf 65' lang='grc' dir='ltr'>Η</span> 
     </span>
     <span class='ocr_line' id='line_1_34' title="bbox 276 4438 1195 4515; baseline -0.003 -15"><span class='ocrx_word' id='word_1_284' title='bbox 276 4448 305 4500; x_wconf 87' lang='lat' dir='ltr'><strong>p.</strong></span> <span class='ocrx_word' id='word_1_285' title='bbox 323 4438 383 4489; x_wconf 73' lang='lat'><strong>184.</strong></span> <span class='ocrx_word' id='word_1_286' title='bbox 402 4443 430 4490; x_wconf 92' lang='lat' dir='ltr'><strong>et</strong></span> <span class='ocrx_word' id='word_1_287' title='bbox 446 4441 531 4494; x_wconf 78' lang='lat' dir='ltr'><strong>catal.</strong></span> <span class='ocrx_word' id='word_1_288' title='bbox 549 4455 636 4495; x_wconf 84' lang='lat' dir='ltr'><strong>meum</strong></span> <span class='ocrx_word' id='word_1_289' title='bbox 654 4444 738 4498; x_wconf 82' lang='lat' dir='ltr'><strong>Codd.</strong></span> <span class='ocrx_word' id='word_1_290' title='bbox 755 4449 823 4500; x_wconf 79' lang='lat' dir='ltr'><strong>Bibl.</strong></span> <span class='ocrx_word' id='word_1_291' title='bbox 840 4451 931 4504; x_wconf 65' lang='lat' dir='ltr'><strong>senata</strong></span> <span class='ocrx_word' id='word_1_292' title='bbox 948 4450 1023 4515; x_wconf 77' lang='lat' dir='ltr'><strong>lrlpn·</strong></span> <span class='ocrx_word' id='word_1_293' title='bbox 1040 4449 1075 4502; x_wconf 78' lang='lat' dir='ltr'><strong>ad</strong></span> <span class='ocrx_word' id='word_1_294' title='bbox 1092 4448 1157 4502; x_wconf 74' lang='lat' dir='ltr'><strong>God·</strong></span> <span class='ocrx_word' id='word_1_295' title='bbox 1174 4445 1195 4497; x_wconf 87' lang='lat' dir='ltr'><strong>l.</strong></span> 
     </span>
    </p>
   </div>
   <div class='ocr_carea' id='block_1_4' title="bbox 0 0 1421 5140">
    <p class='ocr_par' dir='ltr' id='par_1_6' title="bbox 0 0 1421 5140">
     <span class='ocr_line' id='line_1_35' title="bbox 0 0 1421 5140; baseline 0 0"><span class='ocrx_word' id='word_1_296' title='bbox 0 0 1421 5140; x_wconf 95' lang='lat' dir='ltr'><strong> </strong></span> 
     </span>
    </p>
   </div>
   <div class='ocr_carea' id='block_1_5' title="bbox 1382 1732 1387 2374">
    <p class='ocr_par' dir='ltr' id='par_1_7' title="bbox 1382 1732 1387 2374">
     <span class='ocr_line' id='line_1_36' title="bbox 1382 1732 1387 2374; baseline 0 0"><span class='ocrx_word' id='word_1_297' title='bbox 1382 1732 1387 2374; x_wconf 95' lang='lat' dir='ltr'><strong> </strong></span> 
     </span>
    </p>
   </div>
   <div class='ocr_carea' id='block_1_6' title="bbox 1383 3810 1387 4568">
    <p class='ocr_par' dir='ltr' id='par_1_8' title="bbox 1383 3810 1387 4568">
     <span class='ocr_line' id='line_1_37' title="bbox 1383 3810 1387 4568; baseline 0 0"><span class='ocrx_word' id='word_1_298' title='bbox 1383 3810 1387 4568; x_wconf 95' lang='lat' dir='ltr'><strong> </strong></span> 
     </span>
    </p>
   </div>
  </div>
 </body>
</html>
