2884 5138
647 375 953 446 „pq-.-

257 571 367 621 carum
388 551 553 618 literarum
575 567 729 637 perquam
751 550 895 639 peritus,
924 549 1088 632 disertus,
1119 547 1349 618 historiarum-

258 688 321 756 qne
343 668 641 734 ecclesiasticarum
660 671 805 755 scriptor
824 667 984 746 eruditus,
1005 671 1103 734 natus
1119 673 1175 732 est
1187 685 1239 734 ao.
1257 665 1351 754 355,

258 788 376 854 multas
396 787 565 872 miserias,
587 787 686 853 exitia
706 785 857 875 (ἑξορίας)
879 793 913 853 et
933 787 1072 853 tormina
1091 803 1273 872 perpessus
1293 797 1351 853 est

258 905 318 970 sub
341 904 548 972 Diocletiano
568 912 603 970 et
624 904 750 972 Licinio
771 902 920 996 (scilicet
941 905 1018 972 inde
1040 906 1082 971 ab
1103 923 1191 972 auno
1214 902 1293 970 303
1315 913 1351 972 et

258 1043 373 1090 rursus
394 1024 436 1089 ab
457 1042 544 1089 auno
566 1019 682 1114 314),
703 1029 934 1111 postmortem
955 1023 1154 1090 Diocletiani
1168 1019 1297 1114 (313)
1315 1035 1350 1090 et

257 1142 377 1208 Licinii
398 1137 542 1232 (335),
570 1142 641 1208 ioco
663 1143 716 1208 ubi
737 1143 814 1208 exul
835 1143 977 1229 degebat
998 1138 1220 1233 [Odyssupoti
1248 1138 1349 1233 puto)

261 1261 387 1347 relicto,
408 1258 543 1346 Synodo
564 1261 735 1328 Nicaenae
755 1261 898 1328 interfuit
920 1257 1059 1352 (335),
1079 1259 1221 1345 denique
1242 1258 1350 1326 cccle-

259 1379 331 1445 siae
352 1377 477 1464 Tyriae
498 1379 670 1445 restitutus
690 1380 724 1445 in
745 1380 835 1445 vivis
856 1381 1033 1467 permansit
1061 1396 1164 1465 usqne
1190 1377 1233 1444 ad
1261 1377 1349 1443 ulte-

258 1517 327 1562 rum
347 1495 472 1562 Juliaui
492 1501 668 1582 apostatae
687 1517 825 1576 annum,
854 1517 936 1584 quo,
964 1517 1035 1564 cum
1056 1503 1121 1562 istc
1145 1494 1350 1562 claudestina

259 1615 293 1680 vi
321 1633 381 1700 per
407 1615 619 1698 magistratus
645 1617 679 1682 in
706 1615 913 1683 Christianos
944 1614 1218 1697 debaccharetur,
1254 1609 1348 1680 CVI!

257 1751 362 1800 annos
383 1739 495 1813 uatus,
519 1730 720 1821 Odyssopoli
741 1734 995 1821 comprehensus
1015 1739 1051 1800 et
1072 1734 1113 1800 ob
1135 1729 1257 1798 Christi
1272 1751 1349 1798 eon-

257 1851 436 1918 sessionem
457 1852 601 1918 cruciatu
622 1859 657 1919 et
685 1860 789 1920 morte
816 1856 954 1920 affectus
980 1855 1036 1918 est
1062 1844 1200 1940 (363).
1255 1847 1349 1932 Quae

258 1968 387 2056 quidem
408 1968 525 2035 relatio
546 1971 581 2035 in
602 1972 782 2058 semetipsa
802 1971 903 2058 primo
926 1971 1038 2036 obtutu
1059 1967 1178 2035 nuliam
1200 1987 1281 2055 prae
1306 1989 1351 2035 se

257 2087 323 2154 fert
343 2087 483 2152 fictionis
494 2090 639 2174 speciem
649 2085 720 2180 ¹⁵J3
741 2096 795 2156 est
812 2091 896 2155 enim
909 2093 1064 2156 accurata
1078 2067 1351 2174 temporibusque,

259 2207 347 2272 eirca
369 2225 453 2291 quae
472 2214 637 2295 versatur,
658 2208 868 2274 conveniens.
905 2203 1152 2272 Consideranda
1165 2224 1246 2271 vero
1261 2213 1351 2293 sont,

259 2324 290 2390 si
309 2324 353 2390 ad
374 2343 442 2390 rem
464 2324 573 2390 sobrie
594 2324 830 2391 discutiendam
850 2324 1018 2391 accedere
1033 2322 1181 2410 velimus,
1201 2341 1266 2388 non
1289 2343 1351 2389 su·
1426 2311 1427 2350 ³

259 2442 323 2508 lnm
342 2461 395 2530 ea,
418 2461 501 2530 quae
523 2443 584 2510 bac
605 2444 764 2511 relatione
785 2443 910 2510 diserte
925 2443 1138 2518 continentur,
1161 2439 1351 2528 sedetiam,

261 2563 344 2647 quac
365 2561 492 2628 ineerta
512 2562 744 2647 relinquuntur.
792 2562 961 2647 Nusquam
980 2561 1084 2646 igitur
1110 2555 1249 2622 dilucide
1280 2575 1347 2622 ex-

260 2679 406 2765 ponitur:
454 2675 500 2769 1)
522 2681 608 2766 quali
629 2699 761 2747 munere
783 2679 969 2745 Dorotheus
986 2679 1112 2744 functus
1124 2675 1229 2750 fuerit,
1249 2678 1344 2738 aute-

260 2815 354 2882 quam
376 2798 599 2883 episcupatnm
621 2798 703 2885 Tyri
717 2798 972 2886 adipisceretur3
1011 2793 1059 2885 3)
1082 2813 1143 2880 quo
1162 2810 1247 2858 anno
1268 2797 1348 2858 ante

258 2933 376 2982 annum
399 2911 491 3002 335,
512 2936 575 3003 quo
597 2918 781 3003 paroeciam
802 2936 897 2983 snam·
913 2915 1048 3000 recepit,
1072 2912 1247 2999 episcopus
1265 2908 1352 2992 Tyri

258 3033 365 3100 sactus
385 3035 447 3123 sitq
491 3029 540 3124 3)
562 3035 772 3122 quotiessub
796 3033 1002 3100 Diocletiano
1032 3037 1068 3098 et
1095 3029 1222 3095 Licinio
1251 3028 1353 3092 exilio
1425 3111 1426 3122 2

258 3152 434 3219 muletatus
456 3159 512 3218 aut
533 3152 645 3239 fugere
667 3160 800 3220 coaetus
816 3153 877 3246 sitq
899 3148 949 3244 4)
964 3171 1006 3218 55
1020 3150 1243 3236 episcopatum
1256 3146 1353 3233 Tyri,

261 3269 367 3335 redux
388 3270 513 3358 iaetus,
533 3272 684 3338 continuo
706 3273 878 3359 quieteque
897 3288 998 3357 usque
1026 3267 1067 3334 ad
1094 3274 1231 3332 mortem
1256 3261 1354 3355 (fere

259 3405 320 3472 per
342 3389 475 3473 triginta
496 3409 558 3454 sex
581 3385 708 3480 annos)
729 3391 887 3475 gesserit,
915 3387 947 3452 id
970 3385 1055 3472 quod
1074 3386 1108 3450 in
1138 3384 1353 3450 turbuientis-

259 3506 342 3570 sima
362 3505 418 3570 illo
441 3507 619 3572 arianorum
642 3511 851 3574 certaminum
872 3509 1071 3591 tempestate
1091 3501 1188 3588 piane
1209 3521 1273 3567 non
1291 3508 1373 3567 ve·'

259 3623 394 3690 risimile
407 3627 462 3689 est
475 3625 687 3712 etneabipso
696 3627 823 3712 quidem
832 3623 1034 3711 Theophane
1043 3621 1242 3707 comprobari
1252 3617 1353 3685 iride-

260 3747 327 3824 tur,
362 3747 475 3829 utpute
503 3745 556 3830 qni
585 3764 643 3831 pro
671 3733 710 3823 ἦν
739 3741 866 3810 ἰθύνων
888 3740 946 3822 τὴν
973 3748 1007 3807 ἐν
1044 3737 1141 3826 Τύρῳ
1177 3739 1353 3816 cuxupatem

257 3867 352 3950 μέχρι
380 3885 409 3926 κ.
432 3886 460 3924 τ.
483 3864 529 3941 λ.,
561 3883 643 3948 quae
670 3874 746 3928 sunt
777 3864 880 3929 verba
909 3859 1039 3944 l‘rologi
1074 3856 1353 3942 Syngrammatis,

259 3980 386 4044 cautius
408 3977 570 4066 διήρκεσεν
589 3982 652 4072 ait3
696 3977 744 4070 5)
766 4001 828 4067 quo
841 3981 964 4046 Juliani
979 3967 1240 4069 (361-363)
1254 3991 1354 4059 5555,

259 4097 360 4183 primo
377 4099 446 4180 jam
468 4119 509 4164 an
531 4097 656 4164 demum
687 4099 848 4185 secundo,
880 4117 992 4164 rursus
1022 4090 1166 4158 extorris
1195 4088 1352 4177 Odysse-

259 4213 345 4296 poiin
369 4215 559 4300 confugerit.
603 4215 665 4280 His
688 4216 718 4280 in
734 4217 986 4301 ‹paraestionibns
1010 4231 1092 4298 quas
1109 4208 1236 4296 prolata
1251 4210 1352 4275 testi-

326 4385 373 4444 15)
390 4387 433 4438 bu
450 4391 600 4440 nurrutton
616 4389 649 4439 de
669 4387 840 4454 Theophane,
867 4389 953 4454 inquit
966 4384 1169 4446 ¹tillemontius,
1193 4393 1221 4430 se
1244 4379 1356 4431 detrutt

258 4467 434 4523 evuemmeu
449 4471 532 4523 u’elte
549 4468 648 4534 me⁴me3
667 4473 748 4524 nimis
765 4473 887 4537 protecto
906 4471 1042 4524 audacter.
