2884 5138
638 357 945 428 *as-.-

332 533 480 622 Tempus
498 532 614 619 igitur,
633 551 696 618 quo
717 531 886 618 synopsis
907 528 1094 616 conscripta
1114 537 1185 610 est,
1214 530 1249 598 iu
1271 529 1344 596 du-

248 653 435 722 bitationem
455 651 571 720 vocari
590 649 722 742 neqnit3
741 657 777 716 at
798 650 930 716 inisse
950 647 1109 735 quendam
1125 647 1345 726 Dorotheum,
1436 731 1437 736 Ἰ

248 772 331 860 Tyri
352 772 556 859 episcopum,
574 771 666 854 cujus
685 769 787 836 libros
808 768 930 835 latinos
950 771 1064 834 auctor
1086 765 1251 855 synopsis
1272 786 1346 834 ex·
1436 759 1437 780 ¹

248 890 428 978 carpserit,
455 889 510 957 alii
538 886 702 976 dubitant,
730 887 788 955 alii
815 892 1007 974 pernegant.
1058 883 1107 950 llt
1132 905 1177 952 ex
1205 904 1346 952 numero

248 1008 378 1097 quidem
399 1027 526 1092 eorum,
555 1008 610 1095 qui
631 1006 832 1074 Dorotheum
853 1023 914 1092 pro
935 1022 1076 1092 persona
1105 1003 1197 1083 licta,
1226 1001 1347 1090 Syno-

248 1129 327 1215 psin
345 1145 405 1215 pro
418 1130 610 1213 portentoso
625 1123 826 1193 veteratoris
839 1123 930 1190 foetu
946 1123 1077 1200 babent,
1101 1121 1347 1208 pugnacissime

160 1227 164 1238 ¹
250 1263 344 1314 snam
365 1244 561 1312 sententiam
580 1249 689 1310 tuetur
710 1238 911 1310 Guilielmat
933 1219 1025 1308 cane
1046 1238 1091 1330 (l.
1116 1241 1136 1306 t.
1149 1261 1180 1326 p.
1202 1239 1278 1306 17⁰
1291 1260 1346 1308 ss.
1436 1275 1437 1290 κ

248 1362 300 1434 ed.
324 1357 466 1452 Oxou).
509 1361 690 1429 Admodum
712 1360 879 1449 probabile
900 1366 970 1449 est,
990 1359 1110 1446 inquit,
1136 1357 1222 1426 hunc
1243 1359 1344 1426 Ano-

249 1501 378 1570 nymum
403 1480 507 1548 fuisse
534 1479 638 1567 ipsios
670 1479 826 1566 synopsis
861 1477 1095 1548 Dorotheanae
1129 1476 1344 1544 conditorem.

251 1597 334 1684 Quis
355 1601 440 1668 enim
461 1598 598 1683 alicuju·
619 1597 796 1676 Dorothei,
819 1597 991 1684 Tyriorum
1012 1596 1173 1683 episcopi,
1201 1595 1346 1666 Diode-

250 1719 331 1788 tiaui
352 1719 407 1788 vel
427 1717 550 1785 Juliani
573 1723 737 1805 tempure,
769 1716 966 1786 mentionem
987 1707 1130 1782 fecerit?
1164 1713 1258 1783 immo
1287 1714 1345 1781 vel

250 1842 330 1906 ante
350 1855 380 1903 a
402 1835 496 1916 45⁷,
518 1837 659 1925 quando,
679 1834 830 1923 deposito
852 1835 970 1901 Photio
984 1833 1067 1920 Tyri
1083 1833 1250 1921 episcopo,
1269 1833 1346 1900 Do·

250 1956 384 2024 rothaus
406 1955 535 2042 qnidam
555 1955 588 2020 in
608 1955 715 2022 locum
737 1955 811 2039 ejus
831 1954 1027 2039 subrogatus
1048 1943 1129 2020 est?
1178 1951 1259 2035 Quis
1280 1971 1346 2018 un-

252 2091 347 2160 quam
369 2070 569 2139 Dorotheum
590 2071 651 2139 sub
670 2073 805 2140 loliano
825 2079 1018 2159 martyrem,
1049 2071 1110 2137 sub
1136 2069 1347 2138 Diocletiano

252 2191 477 2262 comessorem
491 2181 639 2258 dixerit'tl
672 2189 756 2258 Sub
778 2190 1052 2257 Diocletiano
1073 2189 1237 2257 multum
1253 2205 1348 2276 pas-

253 2330 347 2399 sus,
362 2309 466 2396 inquit
482 2309 744 2395 martyrologium
764 2308 1032 2376 RomanumJun.
1043 2307 1080 2389 5,
1100 2309 1227 2376 exilio
1245 2306 1348 2374 mul-

254 2434 408 2518 ctatus,
426 2428 474 2494 ait
493 2428 683 2516 Anonymus
705 2431 826 2496 noster.
871 2425 942 2494 Sed
964 2445 1006 2493 an
1028 2427 1090 2494 hoc
1103 2428 1258 2495 latuisset
1273 2425 1349 2494 bln-

253 2547 389 2630 sebium,
411 2547 465 2633 qui
485 2553 663 2634 martyrum
683 2553 718 2614 et
739 2546 961 2614 oonnssorum
982 2553 1079 2632 gesta
1101 2545 1239 2631 undique
1261 2563 1347 2610 con-

254 2666 406 2752 quisivit,
436 2666 513 2752 ipse
532 2665 592 2734 sub
614 2667 676 2733 hac
698 2664 928 2751 persecutione
955 2665 1141 2752 consessor,
1173 2669 1224 2750 et,
1257 2659 1343 2749 quod

255 2786 361 2870 majus
380 2783 501 2864 adbuc,
523 2783 598 2870 ipse
619 2783 682 2850 boc
703 2783 835 2850 circiter
854 2789 1002 2869 tempore
1024 2782 1105 2870 'l'yri
1124 2771 1239 2866 degit?
1261 2777 1346 2854 Quis

254 2921 395 2990 unquam
416 2920 459 2969 ex
480 2902 694 2989 scriptoribus
717 2900 970 2988 ecclesiasticis,
999 2902 1053 2988 qui
1074 2900 1186 2988 primis
1208 2898 1262 2964 bis
1289 2913 1348 2964 ac·
1436 2901 1437 2910 ’

255 3021 336 3088 culis
365 3021 556 3102 floruerunt,
588 3021 743 3108 synopsis
771 3021 866 3107 hujus
896 3019 1131 3086 Dorotbeanae
1157 3015 1348 3095 meminerit,

254 3141 349 3208 immo
371 3140 427 3208 vel
447 3158 492 3206 ex
512 3139 567 3225 iis,
589 3141 642 3226 qui
663 3141 858 3227 scriptorum
872 3138 1165 3205 ecclesiasticorum
1180 3133 1347 3220 catalogos

256 3259 351 3326 nobis
373 3276 415 3325 ex
436 3257 588 3345 professo
610 3248 838 3326 tradiderunt?
883 3255 963 3339 Quis
990 3256 1055 3323 nisi
1083 3253 1205 3321 bardus
1233 3258 1270 3319 et
1295 3251 1349 3318 cui

257 3376 316 3444 vix
338 3393 454 3442 unum
482 3375 645 3461 sinciput,
678 3376 901 3456 Dorotheum,
932 3374 1091 3442 hominem
1122 3371 1285 3439 Graecum
1313 3376 1348 3435 et

257 3495 340 3582 'lyri
361 3494 448 3560 inter
468 3493 656 3562 Phoenices
681 3494 882 3581 antistitem,
916 3494 1166 3560 commentarios
1194 3508 1275 3558 snos
1296 3489 1347 3554 la-
1436 3567 1437 3570 Ἴ

257 3612 326 3680 tino
347 3629 498 3679 sermone
520 3611 780 3679 consentientem
801 3611 897 3678 nobis
918 3602 1082 3677 sisteret?
1133 3611 1255 3676 Restat
1281 3607 1348 3692 igi-

257 3736 322 3814 tur,
343 3729 401 3798 vel
422 3731 629 3819 Anonymum
650 3737 797 3798 nostrum
817 3730 900 3800 baec
922 3731 1132 3826 confinxisse,
1154 3727 1211 3796 vel
1232 3725 1349 3794 saltem

257 3869 280 3917 a
308 3849 469 3936 Procopio
497 3850 695 3937 presbytero
718 3869 778 3917 suo
804 3843 863 3941 (l)
890 3849 1027 3916 conticta
1051 3849 1085 3913 in
1111 3847 1215 3912 lucem
1250 3843 1347 3912 evol-
1436 3855 1437 3944 ᾗ

258 3987 371 4054 gesse.
416 3967 511 4036 Unde
532 3988 590 4055 pro
612 3987 700 4036 more
728 3969 864 4035 omnium
890 3986 997 4056 paene
1024 3967 1237 4052 impostorum
1267 3962 1349 4030 haec

259 4085 315 4154 diu
335 4087 502 4173 incognita
523 4085 661 4154 latuisse
682 4086 792 4170 tingit,
813 4104 875 4153 nec
897 4086 963 4154 nisi
983 4083 1110 4152 duobus
1133 4100 1239 4170 paene
1261 4081 1348 4146 inte·

260 4206 330 4290 gris
350 4211 427 4292 post
449 4204 608 4272 Dorotbei
629 4209 763 4272 mortem
785 4204 907 4270 seculis
929 4203 999 4269 orbi
1019 4203 1209 4269 innotuisse.
1255 4197 1349 4280 Quod

261 4321 347 4388 nulla
368 4323 598 4410 probabilitate
619 4322 707 4391 credi
730 4328 859 4414 potest,
879 4323 1072 4410 praesertim
1094 4340 1166 4387 cnm
1197 4317 1228 4386 hi
1259 4335 1349 4386 com-

261 4442 409 4508 mentarii
440 4441 485 4507 nil
515 4442 578 4510 nisi
606 4442 764 4512 bistoriae
792 4441 993 4530 apostolicae
1029 4448 1076 4524 et¹
1102 4421 1349 4508 ecclesiasticae
1436 4419 1437 4424 ¹
