2884 5138
486 365 795 438 „epm

104 543 183 610 tatis
204 541 350 630 speeiem¹
372 543 470 624 atquo
491 537 717 608 auctoritatem
739 537 835 625 paulo
856 540 1010 624 majorem
1037 537 1191 610 eonsiliu-

104 667 193 730 renl:
223 661 307 729 nisi
328 658 467 749 potius
489 656 573 722 hunc
594 656 728 742 primumn
758 654 897 726 Ebraieo
926 657 1080 726 idiomate
1111 675 1190 725 con·

104 780 258 866 seriptum
280 798 319 849 ae
341 773 576 863 posterioribus
597 775 692 842 annis
713 795 735 842 a
755 774 944 842 diversis
957 777 1192 862 interpretibus

104 898 140 963 in
162 894 323 966 Graecum
343 911 524 962 sermonem
546 894 737 960 translatum
759 891 862 964 fuisse
878 899 1077 969 statuamusr
1097 914 1193 981 quam

105 1017 302 1084 sententiam
323 1018 415 1080 tauto
437 1011 694 1082 verisimiliorem
723 1012 879 1090 arbitror,
910 1018 1028 1100 quanto
1056 1012 1190 1098 propius

104 1133 261 1200 orationis
281 1132 367 1198 iilum
388 1130 431 1200 ad
452 1128 616 1197 Ebraicae
638 1129 768 1213 linguae
783 1131 1014 1217 proprietatem
1028 1131 1192 1198 aceedit.“

104 1252 152 1318 At
181 1270 260 1318 veru
290 1250 372 1317 haee
402 1268 527 1336 quoque
555 1247 699 1318 Zebneri
727 1249 894 1340 sententia
922 1256 992 1317 loia
1021 1249 1192 1336 opinabilis

105 1375 160 1436 est
181 1370 330 1456 omnique
352 1369 495 1436 veritate
521 1366 688 1433 destituta.
741 1366 826 1434 Nam
865 1361 912 1457 i)
939 1367 1056 1433 nullum
1082 1366 1192 1433 vesti·

105 1488 190 1572 glum
212 1487 304 1554 nobis
324 1488 479 1574 reliquum
502 1490 554 1553 est
576 1484 648 1550 libri
677 1485 835 1569 ejusmodi
860 1485 1005 1552 hebraici
1033 1491 1088 1552 aut
1115 1503 1193 1552 ara-

105 1605 217 1692 muioi,
245 1606 320 1692 quin
343 1604 498 1692 opuscula
523 1601 684 1669 Dorothei
713 1608 747 1670 et
774 1603 949 1690 Epiphanii
977 1609 1048 1670 tota
1075 1601 1193 1691 indole,

104 1725 290 1790 oeconomia
311 1720 488 1807 oopartim
518 1722 615 1790 eiiam
643 1719 778 1787 materia
807 1740 827 1787 a
852 1721 1017 1788 literarum
1041 1721 1193 1805 judaieo·
1253 1711 1255 1716 Α

103 1861 172 1906 rum
194 1846 342 1908 veterum
364 1843 479 1906 natura
492 1905 496 1910 ,
509 1859 644 1923 prorsus
671 1833 921 1929 abhorrente)
970 1836 1095 1924 Quodsi
1124 1841 1194 1927 pri·

103 1978 175 2028 mus
206 1956 319 2027 harum
351 1957 558 2026 traditionum
593 1956 854 2044 propheticarum
889 1956 1044 2026 oolleutor
1077 1975 1099 2024 e
1129 1957 1194 2025 he-

10 2069 11 2074 ’
104 2075 225 2142 braiois
245 2075 388 2144 lontibus
417 2075 540 2164 hausit,
571 2090 654 2161 nou,
682 2073 715 2140 id
743 2072 836 2160 quod
856 2074 954 2146 multo
981 2075 1191 2144 verisimilius

103 2200 176 2279 est,
205 2212 225 2260 e
246 2195 377 2280 graecis
399 2191 599 2280 potissimum
620 2191 839 2279 apocryphis,
868 2199 961 2262 eerto
982 2213 1046 2262 non
1068 2195 1192 2282 librum,

103 2331 167 2399 quo
184 2314 254 2398 jam
275 2311 434 2380 collectae
457 2310 644 2398 exstabant,
666 2311 842 2397 transtulit,
865 2312 927 2380 sed
948 2313 1046 2398 longe
1061 2312 1194 2400 iateque

103 2447 165 2516 per
184 2431 276 2540 vpria
297 2447 398 2516 opera
418 2428 588 2516 dispersas
614 2447 656 2496 ao
682 2430 799 2516 partim
828 2429 861 2496 in
891 2448 948 2498 ore
975 2430 1192 2500 tantummodo

102 2547 214 2635 popuii
235 2548 388 2634 uigentes
409 2547 443 2616 in
464 2565 560 2617 rmum
580 2565 699 2633 eorpus
727 2547 871 2634 collegit.
915 2542 965 2634 it]
993 2550 1098 2618 nulius
1127 2550 1192 2618 do-

104 2672 227 2732 niumm
248 2666 428 2747 ecelesiae,
450 2667 480 2733 si
502 2663 669 2750 originem
691 2670 726 2733 et
746 2660 980 2750 Hieronymum
993 2686 1034 2734 ae
1048 2668 1193 2734 tortasse

104 2782 306 2852 Dorotheum
328 2790 363 2852 et
382 2782 599 2870 Epiphaniam
621 2780 788 2868 excipias,
816 2781 969 2851 hebraice
989 2785 1055 2850 tuni
1076 2783 1193 2856 doetus

103 2902 174 2987 luit,
197 2909 231 2968 ut
246 2902 359 2970 librum
375 2902 558 2970 hebraicum
569 2920 633 2970 non
646 2900 834 2968 canonicum
854 2895 919 2990 (ad
938 2901 1093 2972 canoniea
1108 2902 1193 2970 enim

103 3019 265 3088 vertenda
286 3021 379 3109 plura
400 3020 618 3107 suppetebant
634 3011 851 3107 adminicula)
872 3017 1051 3092 transferre
1067 3028 1192 3107 posset.

189 3138 418 3208 Secundum
438 3141 791 3224 argumentumuootra
811 3134 1010 3205 authentiam
1023 3137 1096 3212 libri
1112 3137 1193 3226 Epi·

106 3255 256 3342 phaniani
278 3257 417 3344 proferri
442 3255 571 3327 solitum
599 3255 651 3326 his
680 3254 792 3326 verbis
820 3254 1103 3328 confidentissime
1122 3257 1192 3328 elo·

170 3499 217 3559 02)
234 3499 268 3548 V.
292 3499 326 3548 de
349 3499 483 3564 iiupadae
504 3501 649 3552 historicae
672 3499 774 3549 veteris
799 3498 897 3548 natura
922 3509 956 3548 ao
982 3499 1070 3549 iorrna
1094 3499 1192 3566 zama,

104 3583 309 3632 Gottesdieusti.
327 3583 463 3646 Vortrige
482 3583 530 3632 der
546 3584 634 3634 Judun
660 3584 725 3646 cap.
747 3584 820 3632 vili.
862 3582 942 3632 Nullo
965 3584 994 3632 in
1019 3586 1191 3634 monumento

105 3664 237 3725 hogadieo
254 3669 308 3712 tarn
331 3669 532 3726 systematioanr
554 3661 759 3731 dispositionem
784 3669 943 3717 invenimus.
984 3666 1053 3717 'fres
1076 3671 1192 3718 lantum-

104 3764 183 3815 mudo
201 3763 263 3812 libri
280 3763 447 3826 aiiqrratenus
463 3759 563 3814 similes
580 3765 827 3831 deprehenduntur:
863 3765 889 3831 i)
907 3763 992 3833 illhllii
1012 3738 1104 3826 tibin,
1122 3767 1193 3818 iiber

109 3848 282 3911 deperditum,
315 3850 360 3911 qui
382 3849 571 3914 generaiogins
597 3853 624 3900 et
652 3849 836 3901 memorabilia
862 3853 997 3914 gentilitia
1025 3851 1194 3912 continebal;

104 3949 133 4011 2)
158 3943 222 3996 unii
244 3917 311 4008 nim
332 3943 402 4009 aiu,
419 3949 489 3999 iiber
504 3951 596 4000 seculo
614 3948 685 4000 viii.
702 3961 756 4000 uon
774 3949 918 4018 antiquior,
936 3955 963 4003 in
981 3964 1033 4016 quo
1046 3953 1192 4015 prophetae

106 4061 211 4112 quiaque
227 4049 393 4111 ringuiarunr
410 4053 526 4100 aetatum
543 4053 731 4112 uominaniur;
764 4049 792 4115 3)
810 4047 887 4100 attin
910 4039 948 4106 Ὀ,
966 4053 1191 4102 historiaiabuia-
1230 4064 1233 4072 ·

105 4135 144 4185 ris
160 4148 178 4183 a
195 4136 333 4184 creatione
350 4134 447 4186 adami
467 4146 547 4197 usquo
564 4135 597 4184 ad
616 4138 735 4184 ineuntia
752 4135 877 4186 Judiuum
897 4140 1026 4199 tempora.
1069 4136 1193 4187 Nondum

104 4221 243 4284 quiequam
260 4229 346 4283 unque
362 4217 395 4268 ad
413 4219 483 4271 hone
500 4218 571 4269 diem
589 4219 746 4270 traditiones
759 4214 883 4284 judaieae
900 4220 933 4268 de
957 4220 1095 4281 prophetia
1117 4231 1193 4272 eoni-

106 4303 209 4363 posuitr
235 4305 331 4354 nonus
352 4289 566 4354 Muhammudnni
581 4303 653 4354 'rusa
679 4303 713 4353 de
735 4306 873 4368 prophetis
896 4303 1057 4354 immaurus
1086 4308 1192 4370 saepius

106 4428 285 4496 surrogarunt,
302 4429 376 4480 venui
393 4401 575 4484 iii-arriani
592 4433 620 4482 ru
637 4431 657 4480 r.
684 4405 830 4510 mi
850 4416 943 4557 etp
959 4433 1041 4496 auno
1056 4434 1110 4484 riri.
