2884 5138
486 389 793 460 ...ης-

91 568 150 635 καὶ
170 570 359 651 ἐχορηγεῖτο
380 558 495 639 αὐτοῖς
514 559 595 629 καθ’
620 559 758 640 ἑκάστην
787 557 907 646 ἡμέραν
934 559 998 627 τάν
1025 561 1185 628 ἐπιθανα·

92 691 171 752 τίων
194 681 333 766 σώματα
362 677 429 746 δύο.
449 677 454 760 Ι
473 678 547 746 Καὶ
575 675 771 765 ἐνεβάλοσαν
797 676 854 745 τὸν
881 678 1005 760 Δανιὴλ
1034 685 1067 746 οἱ
1093 677 1186 758 ὄχλοι

94 811 141 882 είς
167 809 290 869 ἐκεῖνον
316 793 542 876 τὸνλάκιίον,
570 798 626 864 ἵνα
655 799 871 888 καταβρωθῇ
889 787 945 864 καλ
961 799 1054 881 ’μηδὲ
1082 799 1188 886 ταφῆς

98 919 188 1006 τάχη.
230 917 306 986 Καὶ
327 905 367 998 ὴν
388 919 489 1002 ἐντῷ
510 913 621 1001 λάκκῳ
643 914 767 998 Δανιὴλ
787 913 906 1006 ὴμέρας
926 914 968 998 ἐξ.
989 913 1088 1003 [Καὶ
1119 910 1186 1000 ἐγέ-

100 1063 170 1107 νετο
190 1040 232 1123 τῇ
252 1034 357 1123 ὴμέρηι
378 1038 419 1122 τὴ
440 1037 517 1120 ἐκτῇ
538 1037 595 1100 καὶ
624 1023 725 1126 ἦνθῑ]
753 1033 992 1122 Ἁμβακοὸμ
1017 1040 1099 1116 ἔχων
1126 1033 1185 1120 άρ-

97 1181 174 1234 τους
194 1156 471 1238 ἐντεθρυμμένονς
492 1158 526 1220 έν
546 1151 659 1241 σκάφη
677 1160 716 1222 ,ἐν
736 1150 882 1242 ἐψήματι
904 1156 959 1220 καὶ
981 1152 1126 1237 στάμνον
1140 1161 1187 1246 οὶ(-

97 1300 157 1342 νου
178 1279 431 1359 κεκερασμένου,
462 1273 519 1338 καὶ
540 1272 708 1360 ἐπορεύετο
729 1279 775 1351 εἰς
801 1271 840 1340 τὸ
870 1275 978 1338 πεδίον
1004 1270 1084 1360 πρὸς
1113 1270 1190 1350 τοὺς

96 1388 270 1480 θεριστάς.
290 1393 295 1478 Ι
313 1388 388 1458 Καὶ
408 1387 563 1469 ἐλάλησεν
579 1389 734 1476 Ἄγγελος
755 1389 887 1480 Κυρίου
899 1388 977 1477 πρὸς
987 1387 1189 1484 Ἁμβακοὸμ,

100 1513 217 1594 λέγων·
244 1505 331 1578 Τάδε
353 1511 436 1593 λέγει
457 1532 511 1574 σοι
532 1506 661 1596 Κύριος
683 1505 700 1574 ὸ
724 1507 821 1590 Θεὸς,
850 1507 887 1578 τὸ
909 1509 1045 1600 ἄριστον
1067 1505 1084 1576 ὸ
1106 1515 1189 1590 ἔχεις

99 1626 251 1712 άπέιεγκε
272 1625 402 1707 Δανιὴλ
419 1633 465 1704 εἰς
485 1624 542 1694 τὸν
564 1623 686 1694 λάκκον
707 1629 772 1695 των
786 1626 923 1698 λεόντων
935 1636 968 1696 ἐν
981 1630 1191 1715 Βαβυλῶναι

97 1745 174 1814 Καὶ
203 1744 289 1814 εἶπεν
317 1742 525 1832 Ἀμβακοάμ·
562 1742 669 1828 Κύριε
697 1743 841 1826 ὸΘεὸς,
870 1744 937 1828 οὐχ’
968 1744 1099 1840 ἑώρακα
1132 1746 1189 1826 τὴν

98 1867 298 1952 Βαβυλῶνα,
319 1866 376 1930 καὶ
398 1862 455 1961 τὸν
477 1860 600 1930 λάκκον
622 1860 662 1930 οὸ
682 1861 830 1946 γινώσκω
842 1866 1017 1952 misam
1035 1862 1110 1932 Καὶ
1123 1873 1189 1932 ἐπι-

100 1981 278 2072 λαβόμενος
299 1979 402 2049 αὐτοῦ
425 1977 613 2066 ὸἎγγελος
634 1980 767 2072 Κυρίου
788 1965 845 2050 τοῦ
862 1981 1052 2070 Ἀββακοὸμ
1067 1985 1122 2064 τὴς
1134 1981 1190 2050 κὸ-

97 2127 159 2186 μης
180 2100 284 2168 αὐτοῦ
305 2102 362 2180 τῆς
382 2100 525 2187 κεφαλῆς
535 2094 608 2189 ⁶²),
636 2102 758 2180 έθηκεν
779 2097 880 2168 αὐτὸν
900 2099 1009 2168 ἐπάνω
1029 2103 1089 2167 τοῦ
1110 2098 1189 2168 λάκ-

98 2244 161 2288 κου
181 2221 241 2288 τοῦ
262 2226 297 2286 ἐν
316 2220 502 2305 Βαβυλῶνι.
522 2220 529 2303 Ι
546 2215 621 2285 Καὶ
642 2217 727 2284 εἶπεν
745 2216 937 2306 Ἀμβακοὸμ
958 2219 1035 2308 πρὸς
1056 2220 1191 2300 Δανιὴλ·

101 2335 248 2416 ἀναστάς
268 2332 355 2426 φάγε
376 2334 415 2403 τὸ
437 2335 585 2424 άριστον,
610 2334 628 2404 ὸ
649 2337 817 2405 άπέστειλί
835 2363 889 2406 σοι
907 2335 1066 2429 Κάριοςὸ
1083 2335 1191 2417 Θεὸςι

101 2454 180 2524 Καὶ
200 2453 284 2522 εἶπεν
304 2452 448 2535 Δανιὴλ·
476 2452 627 2539 ἐμνήσθη
647 2457 712 2544 γάρ
720 2450 776 2550 ⁶³)
802 2480 868 2541 μου
894 2455 1022 2544 Κύριος
1050 2455 1068 2526 ὸ
1100 2456 1192 2538 Θεὸς,

99 2572 120 2642 ὁ
140 2575 186 2660 μὴ
206 2573 429 2660 ἐγκαταλιπὼν
450 2572 526 2652 τοὺς
546 2572 741 2660 άγαπιὸντας
762 2572 871 2644 αὐτόν.
890 2585 896 2654 Ι
914 2575 989 2644 Καὶ
1003 2581 1107 2666 ἔφαγε
1118 2581 1192 2646 Δα-

97 2691 186 2774 νιὴλ·
216 2689 234 2760 ὸ
255 2695 289 2760 δὲ
305 2693 459 2777 Ἄγγελος
480 2690 612 2779 Κυρίου
632 2699 809 2772 κατέστησε
829 2690 887 2758 τὸν
905 2692 1097 2782 ’Δαβακοὸμ
1110 2692 1192 2762 ὅθεν

98 2810 203 2880 αὐτὸν
223 2813 319 2898 ἔλαβε
340 2813 379 2896 τῇ
402 2809 485 2896 αὐτὴ
506 2808 626 2896 ἡμέρα·
656 2807 673 2875 ὸ
695 2811 729 2876 δέ
749 2807 879 2894 Κύριος
898 2809 924 2876 ὸ,
942 2809 1022 2890 Θεὸς
1042 2810 1192 2894 ἐμνήσθη

99 2931 162 2999 τοῦ
184 2926 318 3010 Δανιὴλ.
335 2932 341 3014 Ι
356 2927 500 3012 Ἐξὴλθε
528 2930 563 2995 δὲ
591 2923 609 2994 ὸ
635 2925 787 3014 βασιλεὺς
815 2925 898 3012 μετά
925 2932 1032 2996 ταῦτα
1059 2930 1193 2996 πενθῶν

100 3048 160 3118 τὸν
181 3045 307 3130 Δανιὴλ
327 3052 384 3116 καὶ
405 3045 554 3137 ἐγκάψας
575 3051 620 3122 είς
640 3042 699 3110 τὸν
720 3043 842 3114 λάκκον
865 3042 926 3138 ὸρά
953 3046 1055 3116 αὐτὸν
1081 3048 1191 3126 καθη-

101 3176 208 3254 μένου.
226 3175 232 3248 Ι
250 3165 327 3235 Καὶ
352 3163 540 3254 άυαβοὴσας
560 3162 645 3232 εἶπεν
667 3161 686 3230 ὸ
706 3162 872 3251 βασιλεύς·
901 3171 1003 3250 μέγας
1022 3171 1091 3232 ἐστι
1117 3163 1193 3237 Kv'r

101 3313 173 3380 ριος
193 3285 212 3355 ὸ
236 3284 316 3366 Θεὸς
336 3287 393 3353 καὶ
412 3282 474 3353 οὐκ
494 3288 581 3352 ἔστιν
602 3281 683 3364 πλὴν
705 3282 808 3350 αὐτοῦ
828 3281 937 3361 άλλος.
957 3283 963 3370 Ι
982 3281 1057 3350 Καὶ
1079 3281 1192 3368 ἐξήγα-

101 3431 159 3492 γεν
180 3405 199 3473 ὸ
219 3402 372 3494 βασιλεὺς
392 3404 450 3473 τὸν
468 3401 595 3484 Δανιὴλ
615 3409 651 3470 ἐκ
672 3402 731 3469 τοῦ
752 3402 886 3478 λάκκον,
907 3405 964 3470 καὶ
980 3402 1056 3482 τοὺς
1069 3407 1195 3482 αἰτίους

102 3527 160 3605 τὴς
181 3521 341 3598 άπωλείας
361 3523 466 3590 αὐτοῦ
493 3525 640 3610 ἐνέβαλεν
667 3528 712 3600 είς
739 3518 808 3588 τὸν
823 3518 947 3589 λάκκον
973 3519 1109 3588 ἐνώπιον
1135 3523 1195 3588 τοῦ

104 3635 231 3716 Δανιὴλ
252 3638 308 3702 καὶ
335 3637 603 3725 κατεβρώθησαν.
655 3641 749 3710 Haeo
779 3641 885 3708 omnia
914 3640 957 3706 ad
985 3641 1121 3707 verbum
1151 3639 1193 3707 de

106 3753 269 3822 Hebraico
292 3754 345 3822 vel
368 3754 541 3822 Ατεοιείοο
563 3759 725 3826 translata
747 3776 825 3826 esse
856 3757 1008 3824 dictionis
1037 3757 1194 3847 simplici-

107 3881 173 3960 tas,
193 3877 357 3942 structura
376 3891 417 3942 ac
439 3878 509 3941 tota
530 3874 657 3942 indoles
673 3876 793 3944 elamat
813 3882 912 3964 atquo
932 3882 1082 3946 testatur.

172 4149 219 4208 61)
237 4145 320 4199 nebr.
338 4139 390 4196 ἰἹἻ
412 4141 495 4196 ’ΜΠ
516 4143 576 4199 01³2
600 4142 662 4200 ’Πῒλ

173 4267 221 4328 οε)
237 4266 279 4319 οι.
298 4268 346 4318 οι.
363 4267 390 4331 ε,
408 4271 434 4319 ε.
453 4270 535 4322 σενι.
561 4263 640 4318 νιν-ι
661 4265 757 4320 tvm
772 4269 921 4346 ωηεν-οε
936 4263 965 4320 ὀ
982 4243 1063 4340 ηιὸυ
1076 4265 1192 4339 mmm.

172 4384 220 4444 τε)
239 4385 321 4435 σενι.
338 4354 433 4433 εει-ὸν
453 4377 483 4433 ἐι
506 4383 580 4435 ωτι
601 4386 641 4434 ἐ.
